date,stock_id,country,revenue,revenue_month,revenue_year,ym,revenue_mom,revenue_yoy
2023-08-01,1313,Taiwan,6142965000,7,2023,2023-07,,
2023-09-01,1313,Taiwan,6494950000,8,2023,2023-08,0.05729887765924113,
2023-10-01,1313,Taiwan,7063372000,9,2023,2023-09,0.0875175328524469,
2023-11-01,1313,Taiwan,6323633000,10,2023,2023-10,-0.10472887453754387,
2023-12-01,1313,Taiwan,6642500000,11,2023,2023-11,0.05042465304359056,
2024-01-01,1313,Taiwan,6670416000,12,2023,2023-12,0.0042026345502446105,
2024-02-01,1313,Taiwan,7030314000,1,2024,2024-01,0.05395435607014609,
2024-03-01,1313,Taiwan,3405651000,2,2024,2024-02,-0.5155762601784216,
2024-04-01,1313,Taiwan,7295577000,3,2024,2024-03,1.1421974829481942,
2024-05-01,1313,Taiwan,6988675000,4,2024,2024-04,-0.04206685776875496,
2024-06-01,1313,Taiwan,6951456000,5,2024,2024-05,-0.005325616086024887,
2024-07-01,1313,Taiwan,6019167000,6,2024,2024-06,-0.13411420571460142,
2024-08-01,1313,Taiwan,6062896000,7,2024,2024-07,0.007264958755920814,-0.013034259514745683
2024-09-01,1313,Taiwan,5639666000,8,2024,2024-08,-0.06980657428397252,-0.13168446254397648
2024-10-01,1313,Taiwan,5094421000,9,2024,2024-09,-0.09668037078791547,-0.2787551045024954
2024-11-01,1313,Taiwan,5332007000,10,2024,2024-10,0.0466365068768364,-0.15681270560767835
2024-12-01,1313,Taiwan,6239419000,11,2024,2024-11,0.17018207215406878,-0.06068212269476858
2025-01-01,1313,Taiwan,6438589000,12,2024,2024-12,0.03192124138481489,-0.03475450406691272
2025-02-01,1313,Taiwan,4384870000,1,2025,2025-01,-0.31897035204452406,-0.3762910163045349
2025-03-01,1313,Taiwan,4286677000,2,2025,2025-02,-0.022393594336890255,0.25869532726635813
2025-04-01,1313,Taiwan,5864531000,3,2025,2025-03,0.3680832495660391,-0.196152545576587
2025-05-01,1313,Taiwan,5570919000,4,2025,2025-04,-0.050065725630915714,-0.20286477765813982
2025-06-01,1313,Taiwan,5129412000,5,2025,2025-05,-0.07925209467235117,-0.26210969327864553
2025-07-01,1313,Taiwan,5143161000,6,2025,2025-06,0.0026804241889712976,-0.14553608497654247
2025-08-01,1313,Taiwan,5132015000,7,2025,2025-07,-0.0021671497353475955,-0.15353735244675148
2025-09-01,1313,Taiwan,4946044000,8,2025,2025-08,-0.036237423312285744,-0.12298990755835537
2023-08-01,1316,Taiwan,53619000,7,2023,2023-07,,
2023-09-01,1316,Taiwan,49555000,8,2023,2023-08,-0.07579402823625958,
2023-10-01,1316,Taiwan,77620000,9,2023,2023-09,0.5663404298254464,
2023-11-01,1316,Taiwan,37856000,10,2023,2023-10,-0.5122906467405308,
2023-12-01,1316,Taiwan,97947000,11,2023,2023-11,1.5873573541842774,
2024-01-01,1316,Taiwan,54149000,12,2023,2023-12,-0.44716019888306946,
2024-02-01,1316,Taiwan,79217000,1,2024,2024-01,0.4629448373931191,
2024-03-01,1316,Taiwan,55282000,2,2024,2024-02,-0.3021447416589873,
2024-04-01,1316,Taiwan,93202000,3,2024,2024-03,0.6859375565283456,
2024-05-01,1316,Taiwan,118756000,4,2024,2024-04,0.2741786656938692,
2024-06-01,1316,Taiwan,100782000,5,2024,2024-05,-0.15135235272323078,
2024-07-01,1316,Taiwan,156868000,6,2024,2024-06,0.5565081066063384,
2024-08-01,1316,Taiwan,124744000,7,2024,2024-07,-0.20478363974806846,1.3264887446614075
2024-09-01,1316,Taiwan,84224000,8,2024,2024-08,-0.3248252420958122,0.6996064978306931
2024-10-01,1316,Taiwan,154633000,9,2024,2024-09,0.8359731193009119,0.992179850553981
2024-11-01,1316,Taiwan,163565000,10,2024,2024-10,0.05776257331876122,3.320715342349958
2024-12-01,1316,Taiwan,165388000,11,2024,2024-11,0.01114541619539633,0.6885458462229572
2025-01-01,1316,Taiwan,204716000,12,2024,2024-12,0.2377923428543789,2.7806053666734383
2025-02-01,1316,Taiwan,215458000,1,2025,2025-01,0.05247269387834863,1.719845487710971
2025-03-01,1316,Taiwan,249447000,2,2025,2025-02,0.15775232295853492,3.512264389855649
2025-04-01,1316,Taiwan,310506000,3,2025,2025-03,0.24477744771434407,2.3315379498294027
2025-05-01,1316,Taiwan,317381000,4,2025,2025-04,0.022141279073512266,1.6725470713058708
2025-06-01,1316,Taiwan,284794000,5,2025,2025-05,-0.10267470327461314,1.825841916215197
2025-07-01,1316,Taiwan,335525000,6,2025,2025-06,0.1781322640224161,1.1389002218425683
2025-08-01,1316,Taiwan,344236000,7,2025,2025-07,0.025962297891364283,1.759539536971718
2025-09-01,1316,Taiwan,357553000,8,2025,2025-08,0.038685669133966316,3.245262632978723
2023-08-01,1414,Taiwan,44586000,7,2023,2023-07,,
2023-09-01,1414,Taiwan,51833000,8,2023,2023-08,0.16253981070291124,
2023-10-01,1414,Taiwan,48748000,9,2023,2023-09,-0.059518067640306316,
2023-11-01,1414,Taiwan,46067000,10,2023,2023-10,-0.05499712808730617,
2023-12-01,1414,Taiwan,50856000,11,2023,2023-11,0.10395727961447454,
2024-01-01,1414,Taiwan,47917000,12,2023,2023-12,-0.05779062450841588,
2024-02-01,1414,Taiwan,46819000,1,2024,2024-01,-0.022914623202621165,
2024-03-01,1414,Taiwan,38876000,2,2024,2024-02,-0.16965334586385872,
2024-04-01,1414,Taiwan,54426000,3,2024,2024-03,0.39998971087560453,
2024-05-01,1414,Taiwan,50860000,4,2024,2024-04,-0.06552015580788595,
2024-06-01,1414,Taiwan,51018000,5,2024,2024-05,0.003106567046795128,
2024-07-01,1414,Taiwan,40899000,6,2024,2024-06,-0.1983417617311537,
2024-08-01,1414,Taiwan,45179000,7,2024,2024-07,0.10464803540428869,0.013300139057103033
2024-09-01,1414,Taiwan,39468000,8,2024,2024-08,-0.12640828703601226,-0.23855458877549052
2024-10-01,1414,Taiwan,37721000,9,2024,2024-09,-0.04426370730718554,-0.22620415196520882
2024-11-01,1414,Taiwan,39202000,10,2024,2024-10,0.03926194957715867,-0.14902207654069077
2024-12-01,1414,Taiwan,38259000,11,2024,2024-11,-0.024054895158410305,-0.24769938650306744
2025-01-01,1414,Taiwan,41184000,12,2024,2024-12,0.07645259938837912,-0.1405138051213557
2025-02-01,1414,Taiwan,39790000,1,2025,2025-01,-0.03384809634809638,-0.15013135692774304
2025-03-01,1414,Taiwan,40915000,2,2025,2025-02,0.028273435536567026,0.05244881160613235
2025-04-01,1414,Taiwan,52596000,3,2025,2025-03,0.285494317487474,-0.033623635762319526
2025-05-01,1414,Taiwan,47474000,4,2025,2025-04,-0.09738383147007379,-0.0665749115218246
2025-06-01,1414,Taiwan,41378000,5,2025,2025-05,-0.12840712811222987,-0.18895291857775687
2025-07-01,1414,Taiwan,37627000,6,2025,2025-06,-0.09065203731451499,-0.08000195603804494
2025-08-01,1414,Taiwan,35243000,7,2025,2025-07,-0.06335875833842719,-0.21992518648044446
2025-09-01,1414,Taiwan,33531000,8,2025,2025-08,-0.04857702238742445,-0.1504256612952265
2023-08-01,1419,Taiwan,216163000,7,2023,2023-07,,
2023-09-01,1419,Taiwan,266298000,8,2023,2023-08,0.2319314591303785,
2023-10-01,1419,Taiwan,334093000,9,2023,2023-09,0.2545832112896078,
2023-11-01,1419,Taiwan,327793000,10,2023,2023-10,-0.01885702484038876,
2023-12-01,1419,Taiwan,429749000,11,2023,2023-11,0.3110377585854487,
2024-01-01,1419,Taiwan,296946000,12,2023,2023-12,-0.3090245701560679,
2024-02-01,1419,Taiwan,262255000,1,2024,2024-01,-0.11682595488742065,
2024-03-01,1419,Taiwan,275048000,2,2024,2024-02,0.048780766810928355,
2024-04-01,1419,Taiwan,324322000,3,2024,2024-03,0.17914691253890225,
2024-05-01,1419,Taiwan,300444000,4,2024,2024-04,-0.07362436097458702,
2024-06-01,1419,Taiwan,355089000,5,2024,2024-05,0.18188081639174025,
2024-07-01,1419,Taiwan,232638000,6,2024,2024-06,-0.3448459400319357,
2024-08-01,1419,Taiwan,263356000,7,2024,2024-07,0.13204205675770941,0.21832135934456876
2024-09-01,1419,Taiwan,476876000,8,2024,2024-08,0.8107656556144534,0.7907607267046692
2024-10-01,1419,Taiwan,395516000,9,2024,2024-09,-0.1706103892835873,0.18385000583669808
2024-11-01,1419,Taiwan,374628000,10,2024,2024-10,-0.052812022775311274,0.14287980524294297
2024-12-01,1419,Taiwan,387105000,11,2024,2024-11,0.033305038598289594,-0.09923001566030398
2025-01-01,1419,Taiwan,567211000,12,2024,2024-12,0.4652639464744708,0.910148646555266
2025-02-01,1419,Taiwan,337096000,1,2025,2025-01,-0.40569558770898306,0.2853749213551695
2025-03-01,1419,Taiwan,330627000,2,2025,2025-02,-0.019190379001827407,0.20207018411331834
2025-04-01,1419,Taiwan,396037000,3,2025,2025-03,0.1978362323706171,0.22112283471364869
2025-05-01,1419,Taiwan,287707000,4,2025,2025-04,-0.27353504849294386,-0.042393923659650334
2025-06-01,1419,Taiwan,375079000,5,2025,2025-05,0.3036839562471543,0.056295745573644806
2025-07-01,1419,Taiwan,273993000,6,2025,2025-06,-0.26950589075901343,0.17776545534263533
2025-08-01,1419,Taiwan,328379000,7,2025,2025-07,0.19849412211260864,0.2469015325263142
2025-09-01,1419,Taiwan,481661000,8,2025,2025-08,0.4667838077343558,0.010034054974458861
2023-08-01,1504,Taiwan,4887315000,7,2023,2023-07,,
2023-09-01,1504,Taiwan,4999513000,8,2023,2023-08,0.022956981491882633,
2023-10-01,1504,Taiwan,5300860000,9,2023,2023-09,0.06027527081137696,
2023-11-01,1504,Taiwan,4664515000,10,2023,2023-10,-0.12004561523979129,
2023-12-01,1504,Taiwan,4688624000,11,2023,2023-11,0.005168597378291118,
2024-01-01,1504,Taiwan,5046457000,12,2023,2023-12,0.07631940629063028,
2024-02-01,1504,Taiwan,4907676000,1,2024,2024-01,-0.02750068018017393,
2024-03-01,1504,Taiwan,4170040000,2,2024,2024-02,-0.15030250570738568,
2024-04-01,1504,Taiwan,4652251000,3,2024,2024-03,0.11563702026839073,
2024-05-01,1504,Taiwan,4778624000,4,2024,2024-04,0.027163839612265095,
2024-06-01,1504,Taiwan,4872215000,5,2024,2024-05,0.019585345070045168,
2024-07-01,1504,Taiwan,4847659000,6,2024,2024-06,-0.005040007470934693,
2024-08-01,1504,Taiwan,4681158000,7,2024,2024-07,-0.034346681563203973,-0.0421820570190381
2024-09-01,1504,Taiwan,4454245000,8,2024,2024-08,-0.04847368962978815,-0.10906422285530615
2024-10-01,1504,Taiwan,4368723000,9,2024,2024-09,-0.019200111354449545,-0.17584637209811238
2024-11-01,1504,Taiwan,4243665000,10,2024,2024-10,-0.028625756313687134,-0.09022374244696396
2024-12-01,1504,Taiwan,4599582000,11,2024,2024-11,0.08387019239266058,-0.01899107286060897
2025-01-01,1504,Taiwan,4896550000,12,2024,2024-12,0.06456412778378562,-0.029705395290200665
2025-02-01,1504,Taiwan,4303352000,1,2025,2025-01,-0.12114611307961731,-0.1231385282973041
2025-03-01,1504,Taiwan,4435229000,2,2025,2025-02,0.030645180780005887,0.06359387439928632
2025-04-01,1504,Taiwan,4962534000,3,2025,2025-03,0.1188901407345595,0.06669524064802168
2025-05-01,1504,Taiwan,4955077000,4,2025,2025-04,-0.0015026597298879452,0.03692548315163524
2025-06-01,1504,Taiwan,5142957000,5,2025,2025-05,0.03791666607804478,0.05556856583709879
2025-07-01,1504,Taiwan,5269401000,6,2025,2025-06,0.024585855957963476,0.0869991061665023
2025-08-01,1504,Taiwan,4857940000,7,2025,2025-07,-0.07808496639371343,0.03776458730937948
2025-09-01,1504,Taiwan,4629290000,8,2025,2025-08,-0.047067275429503064,0.03929846696802719
2023-08-01,1560,Taiwan,523288000,7,2023,2023-07,,
2023-09-01,1560,Taiwan,556064000,8,2023,2023-08,0.06263472504624601,
2023-10-01,1560,Taiwan,569539000,9,2023,2023-09,0.024232822121194708,
2023-11-01,1560,Taiwan,553579000,10,2023,2023-10,-0.028022663943996773,
2023-12-01,1560,Taiwan,526952000,11,2023,2023-11,-0.04809972921660688,
2024-01-01,1560,Taiwan,513982000,12,2023,2023-12,-0.02461324750641425,
2024-02-01,1560,Taiwan,545065000,1,2024,2024-01,0.060474880443283974,
2024-03-01,1560,Taiwan,500762000,2,2024,2024-02,-0.08128021428636956,
2024-04-01,1560,Taiwan,549351000,3,2024,2024-03,0.09703012608784212,
2024-05-01,1560,Taiwan,542913000,4,2024,2024-04,-0.011719283299748251,
2024-06-01,1560,Taiwan,613850000,5,2024,2024-05,0.1306599768287,
2024-07-01,1560,Taiwan,574351000,6,2024,2024-06,-0.0643463386820885,
2024-08-01,1560,Taiwan,635210000,7,2024,2024-07,0.10596133723106593,0.2138822216446774
2024-09-01,1560,Taiwan,586261000,8,2024,2024-08,-0.07705955510775964,0.0543049001553777
2024-10-01,1560,Taiwan,638126000,9,2024,2024-09,0.0884674232125282,0.12042546691271361
2024-11-01,1560,Taiwan,593536000,10,2024,2024-10,-0.06987648207407315,0.07217939986885336
2024-12-01,1560,Taiwan,609542000,11,2024,2024-11,0.02696719322838037,0.15673154291092928
2025-01-01,1560,Taiwan,630526000,12,2024,2024-12,0.03442584760361056,0.226747240175726
2025-02-01,1560,Taiwan,565808000,1,2025,2025-01,-0.10264128679864115,0.038056011668333056
2025-03-01,1560,Taiwan,604077000,2,2025,2025-02,0.06763601787178697,0.20631557506360299
2025-04-01,1560,Taiwan,601745000,3,2025,2025-03,-0.0038604350107684926,0.09537435992653154
2025-05-01,1560,Taiwan,698859000,4,2025,2025-04,0.16138729860655254,0.28723939194677595
2025-06-01,1560,Taiwan,704078000,5,2025,2025-05,0.0074678869414288584,0.14698704895332737
2025-07-01,1560,Taiwan,715653000,6,2025,2025-06,0.01643993989302328,0.2460202907281437
2025-08-01,1560,Taiwan,700303000,7,2025,2025-07,-0.021448942434392104,0.10247477212260514
2025-09-01,1560,Taiwan,689622000,8,2025,2025-08,-0.015251969504628704,0.17630543392789222
2023-08-01,1603,Taiwan,296923000,7,2023,2023-07,,
2023-09-01,1603,Taiwan,282068000,8,2023,2023-08,-0.0500298057072035,
2023-10-01,1603,Taiwan,621451000,9,2023,2023-09,1.2031956833104074,
2023-11-01,1603,Taiwan,360165000,10,2023,2023-10,-0.4204450552014559,
2023-12-01,1603,Taiwan,313088000,11,2023,2023-11,-0.13070953590715362,
2024-01-01,1603,Taiwan,290535000,12,2023,2023-12,-0.07203406071136553,
2024-02-01,1603,Taiwan,467824000,1,2024,2024-01,0.6102156366702807,
2024-03-01,1603,Taiwan,285285000,2,2024,2024-02,-0.39018733540818773,
2024-04-01,1603,Taiwan,276290000,3,2024,2024-03,-0.03152987363513682,
2024-05-01,1603,Taiwan,287693000,4,2024,2024-04,0.04127185203952366,
2024-06-01,1603,Taiwan,527662000,5,2024,2024-05,0.834114837691567,
2024-07-01,1603,Taiwan,326113000,6,2024,2024-06,-0.38196610709128187,
2024-08-01,1603,Taiwan,546321000,7,2024,2024-07,0.6752506033184815,0.8399416683786705
2024-09-01,1603,Taiwan,312239000,8,2024,2024-08,-0.4284697092002687,0.10696356906845161
2024-10-01,1603,Taiwan,312564000,9,2024,2024-09,0.0010408693340677733,-0.49704160102727324
2024-11-01,1603,Taiwan,397191000,10,2024,2024-10,0.27075095020539797,0.10280288201241095
2024-12-01,1603,Taiwan,423180000,11,2024,2024-11,0.06543199619326723,0.3516327677841373
2025-01-01,1603,Taiwan,375611000,12,2024,2024-12,-0.11240843140034973,0.2928253050407008
2025-02-01,1603,Taiwan,398270000,1,2025,2025-01,0.060325709310962594,-0.14867557029994183
2025-03-01,1603,Taiwan,480534000,2,2025,2025-02,0.20655334320938068,0.6843998107156002
2025-04-01,1603,Taiwan,546848000,3,2025,2025-03,0.13800064095360587,0.9792536827246734
2025-05-01,1603,Taiwan,488048000,4,2025,2025-04,-0.10752530867809706,0.6964194471189775
2025-06-01,1603,Taiwan,473093000,5,2025,2025-05,-0.030642477789069922,-0.10341658106894192
2025-07-01,1603,Taiwan,463927000,6,2025,2025-06,-0.01937462613059171,0.42259584867821887
2025-08-01,1603,Taiwan,491968000,7,2025,2025-07,0.06044269895910337,-0.09948912818654232
2025-09-01,1603,Taiwan,364716000,8,2025,2025-08,-0.2586590997788474,0.16806676936577425
2023-08-01,1605,Taiwan,15187001000,7,2023,2023-07,,
2023-09-01,1605,Taiwan,14410608000,8,2023,2023-08,-0.05112220641850229,
2023-10-01,1605,Taiwan,16771119000,9,2023,2023-09,0.16380370626971463,
2023-11-01,1605,Taiwan,15224362000,10,2023,2023-10,-0.0922274178604302,
2023-12-01,1605,Taiwan,14578731000,11,2023,2023-11,-0.04240775409833264,
2024-01-01,1605,Taiwan,13786274000,12,2023,2023-12,-0.05435706303930021,
2024-02-01,1605,Taiwan,13548978000,1,2024,2024-01,-0.01721248250252394,
2024-03-01,1605,Taiwan,11789996000,2,2024,2024-02,-0.12982396163016874,
2024-04-01,1605,Taiwan,15201052000,3,2024,2024-03,0.28931782504421544,
2024-05-01,1605,Taiwan,15224411000,4,2024,2024-04,0.0015366699620527058,
2024-06-01,1605,Taiwan,15678448000,5,2024,2024-05,0.029822959981834485,
2024-07-01,1605,Taiwan,17460705000,6,2024,2024-06,0.11367560105439001,
2024-08-01,1605,Taiwan,15032496000,7,2024,2024-07,-0.13906706516145828,-0.01017350298455899
2024-09-01,1605,Taiwan,14164800000,8,2024,2024-08,-0.057721352462026254,-0.017057434356690604
2024-10-01,1605,Taiwan,14503449000,9,2024,2024-09,0.02390778549644179,-0.1352128024373329
2024-11-01,1605,Taiwan,14774899000,10,2024,2024-10,0.018716237772132605,-0.029522616448557915
2024-12-01,1605,Taiwan,18158784000,11,2024,2024-11,0.2290293151919347,0.24556684666175688
2025-01-01,1605,Taiwan,13658023000,12,2024,2024-12,-0.24785585863018145,-0.009302803643682078
2025-02-01,1605,Taiwan,14106967000,1,2025,2025-01,0.032870350269581516,0.04118310620919163
2025-03-01,1605,Taiwan,15431274000,2,2025,2025-02,0.09387609682506515,0.3088447188616519
2025-04-01,1605,Taiwan,15337828000,3,2025,2025-03,-0.0060556244416372085,0.008997798310274918
2025-05-01,1605,Taiwan,17657667000,4,2025,2025-04,0.15124951199087633,0.1598259532010795
2025-06-01,1605,Taiwan,15710431000,5,2025,2025-05,-0.11027708247074774,0.0020399340546972677
2025-07-01,1605,Taiwan,12927141000,6,2025,2025-06,-0.17716191236255707,-0.2596438116330354
2025-08-01,1605,Taiwan,14274827000,7,2025,2025-07,0.10425244065953954,-0.050402075610065045
2025-09-01,1605,Taiwan,12550005000,8,2025,2025-08,-0.12082962546586384,-0.11400055066079295
2023-08-01,1721,Taiwan,148976000,7,2023,2023-07,,
2023-09-01,1721,Taiwan,167455000,8,2023,2023-08,0.12404011384384073,
2023-10-01,1721,Taiwan,206090000,9,2023,2023-09,0.23071870054641552,
2023-11-01,1721,Taiwan,163755000,10,2023,2023-10,-0.2054199621524576,
2023-12-01,1721,Taiwan,259354000,11,2023,2023-11,0.5837928612866783,
2024-01-01,1721,Taiwan,164871000,12,2023,2023-12,-0.3643013024668985,
2024-02-01,1721,Taiwan,194153000,1,2024,2024-01,0.17760552189287382,
2024-03-01,1721,Taiwan,164787000,2,2024,2024-02,-0.1512518477695426,
2024-04-01,1721,Taiwan,181343000,3,2024,2024-03,0.10046909040154861,
2024-05-01,1721,Taiwan,207343000,4,2024,2024-04,0.14337470980407296,
2024-06-01,1721,Taiwan,202110000,5,2024,2024-05,-0.025238373130513247,
2024-07-01,1721,Taiwan,198396000,6,2024,2024-06,-0.018376131809410667,
2024-08-01,1721,Taiwan,230662000,7,2024,2024-07,0.16263432730498595,0.5483165073568896
2024-09-01,1721,Taiwan,186050000,8,2024,2024-08,-0.19340853716693696,0.11104475829327276
2024-10-01,1721,Taiwan,231382000,9,2024,2024-09,0.24365493147003492,0.12272308214857586
2024-11-01,1721,Taiwan,159047000,10,2024,2024-10,-0.3126215522382899,-0.02875026716741469
2024-12-01,1721,Taiwan,163750000,11,2024,2024-11,0.02956987557137203,-0.3686235801260054
2025-01-01,1721,Taiwan,167697000,12,2024,2024-12,0.024103816793893174,0.017140673617555446
2025-02-01,1721,Taiwan,150783000,1,2025,2025-01,-0.10086048050949037,-0.22338052978836276
2025-03-01,1721,Taiwan,173672000,2,2025,2025-02,0.15180093246586157,0.05391808819870492
2025-04-01,1721,Taiwan,180455000,3,2025,2025-03,0.03905638214565377,-0.004896797781000606
2025-05-01,1721,Taiwan,142359000,4,2025,2025-04,-0.211110803247347,-0.31341304022802796
2025-06-01,1721,Taiwan,112986000,5,2025,2025-05,-0.20633047436410767,-0.4409677898174261
2025-07-01,1721,Taiwan,129787000,6,2025,2025-06,0.14869983891809602,-0.34581846408193717
2025-08-01,1721,Taiwan,176838000,7,2025,2025-07,0.3625247520938153,-0.2333457613304315
2025-09-01,1721,Taiwan,124531000,8,2025,2025-08,-0.29579049751750186,-0.33065842515452837
2023-08-01,2023,Taiwan,5796473000,7,2023,2023-07,,
2023-09-01,2023,Taiwan,6339079000,8,2023,2023-08,0.09360968299170902,
2023-10-01,2023,Taiwan,6775027000,9,2023,2023-09,0.06877150450404557,
2023-11-01,2023,Taiwan,6284195000,10,2023,2023-10,-0.07244723895565286,
2023-12-01,2023,Taiwan,6381835000,11,2023,2023-11,0.0155373918218642,
2024-01-01,2023,Taiwan,5922722000,12,2023,2023-12,-0.0719405938887483,
2024-02-01,2023,Taiwan,6964692000,1,2024,2024-01,0.17592755493166834,
2024-03-01,2023,Taiwan,6267697000,2,2024,2024-02,-0.10007549508291247,
2024-04-01,2023,Taiwan,6308170000,3,2024,2024-03,0.006457395754772444,
2024-05-01,2023,Taiwan,6783195000,4,2024,2024-04,0.07530313862815996,
2024-06-01,2023,Taiwan,6854250000,5,2024,2024-05,0.010475152195978499,
2024-07-01,2023,Taiwan,6242748000,6,2024,2024-06,-0.08921501258343367,
2024-08-01,2023,Taiwan,5726665000,7,2024,2024-07,-0.08266920272931089,-0.012043185571639858
2024-09-01,2023,Taiwan,5186500000,8,2024,2024-08,-0.09432453269049268,-0.1818212077811303
2024-10-01,2023,Taiwan,5821470000,9,2024,2024-09,0.12242745589511239,-0.1407458597581973
2024-11-01,2023,Taiwan,5820903000,10,2024,2024-10,-9.739807986641758e-05,-0.0737233647269061
2024-12-01,2023,Taiwan,5858926000,11,2024,2024-11,0.006532148018958628,-0.08193709176122543
2025-01-01,2023,Taiwan,6132182000,12,2024,2024-12,0.046639264602420294,0.03536549579737147
2025-02-01,2023,Taiwan,6155275000,1,2025,2025-01,0.003765869962763624,-0.11621719955455312
2025-03-01,2023,Taiwan,5639906000,2,2025,2025-02,-0.08372802189991513,-0.10016294661340519
2025-04-01,2023,Taiwan,6752249000,3,2025,2025-03,0.19722722329060094,0.07039743697459011
2025-05-01,2023,Taiwan,6435100000,4,2025,2025-04,-0.04696938753295388,-0.051317262735333435
2025-06-01,2023,Taiwan,6243685000,5,2025,2025-05,-0.029745458501033384,-0.08907830907830905
2025-07-01,2023,Taiwan,5417210000,6,2025,2025-06,-0.13236974639175425,-0.13223952016003204
2025-08-01,2023,Taiwan,5156077000,7,2025,2025-07,-0.04820433396526991,-0.09963704878843094
2025-09-01,2023,Taiwan,5574426000,8,2025,2025-08,0.08113707378691193,0.07479533404029692
2023-08-01,2033,Taiwan,41668000,7,2023,2023-07,,
2023-09-01,2033,Taiwan,46665000,8,2023,2023-08,0.11992416242680237,
2023-10-01,2033,Taiwan,44607000,9,2023,2023-09,-0.04410157505625201,
2023-11-01,2033,Taiwan,42203000,10,2023,2023-10,-0.05389288676665094,
2023-12-01,2033,Taiwan,52301000,11,2023,2023-11,0.2392720896618723,
2024-01-01,2033,Taiwan,56554000,12,2023,2023-12,0.08131775683065334,
2024-02-01,2033,Taiwan,51595000,1,2024,2024-01,-0.08768610531527388,
2024-03-01,2033,Taiwan,34276000,2,2024,2024-02,-0.3356720612462448,
2024-04-01,2033,Taiwan,49860000,3,2024,2024-03,0.45466215427704526,
2024-05-01,2033,Taiwan,43689000,4,2024,2024-04,-0.12376654632972317,
2024-06-01,2033,Taiwan,50596000,5,2024,2024-05,0.15809471491679838,
2024-07-01,2033,Taiwan,55200000,6,2024,2024-06,0.09099533559965223,
2024-08-01,2033,Taiwan,45110000,7,2024,2024-07,-0.1827898550724638,0.08260535662858781
2024-09-01,2033,Taiwan,48987000,8,2024,2024-08,0.08594546663710934,0.04975891996142723
2024-10-01,2033,Taiwan,42216000,9,2024,2024-09,-0.13822034417294382,-0.05360145268679806
2024-11-01,2033,Taiwan,42652000,10,2024,2024-10,0.010327837786621163,0.010639054095680445
2024-12-01,2033,Taiwan,59781000,11,2024,2024-11,0.4015989871518335,0.143018297929294
2025-01-01,2033,Taiwan,53688000,12,2024,2024-12,-0.10192201535604961,-0.05067722884322945
2025-02-01,2033,Taiwan,61630000,1,2025,2025-01,0.14792877365519286,0.19449559065800948
2025-03-01,2033,Taiwan,63198000,2,2025,2025-02,0.025442154794742766,0.8437974092659586
2025-04-01,2033,Taiwan,55226000,3,2025,2025-03,-0.12614323238077152,0.10762133975130372
2025-05-01,2033,Taiwan,56803000,4,2025,2025-04,0.028555390576902262,0.3001670901142164
2025-06-01,2033,Taiwan,58713000,5,2025,2025-05,0.03362498459588403,0.1604277017946083
2025-07-01,2033,Taiwan,66348000,6,2025,2025-06,0.13003934392723937,0.20195652173913037
2025-08-01,2033,Taiwan,63574000,7,2025,2025-07,-0.041809851088201566,0.4093105741520726
2025-09-01,2033,Taiwan,46858000,8,2025,2025-08,-0.2629376789253468,-0.043460509931206204
2023-08-01,2239,Taiwan,2191695000,7,2023,2023-07,,
2023-09-01,2239,Taiwan,1912111000,8,2023,2023-08,-0.12756519497466567,
2023-10-01,2239,Taiwan,2068556000,9,2023,2023-09,0.08181794885338767,
2023-11-01,2239,Taiwan,2124106000,10,2023,2023-10,0.026854482063816576,
2023-12-01,2239,Taiwan,2092982000,11,2023,2023-11,-0.014652752734562235,
2024-01-01,2239,Taiwan,2283415000,12,2023,2023-12,0.09098644899956132,
2024-02-01,2239,Taiwan,2074356000,1,2024,2024-01,-0.09155541152177771,
2024-03-01,2239,Taiwan,1677190000,2,2024,2024-02,-0.19146472447352336,
2024-04-01,2239,Taiwan,1539523000,3,2024,2024-03,-0.08208193466452818,
2024-05-01,2239,Taiwan,1848219000,4,2024,2024-04,0.20051405532752686,
2024-06-01,2239,Taiwan,1987921000,5,2024,2024-05,0.07558736275300704,
2024-07-01,2239,Taiwan,1713387000,6,2024,2024-06,-0.13810106136008427,
2024-08-01,2239,Taiwan,1890784000,7,2024,2024-07,0.10353586200899145,-0.13729601974727323
2024-09-01,2239,Taiwan,1512066000,8,2024,2024-08,-0.2002968080965356,-0.20921641055357143
2024-10-01,2239,Taiwan,1728243000,9,2024,2024-09,0.1429679656840377,-0.16451718010051453
2024-11-01,2239,Taiwan,1517127000,10,2024,2024-10,-0.1221564328627398,-0.28575739628813246
2024-12-01,2239,Taiwan,1824801000,11,2024,2024-11,0.2028004247502022,-0.12813344787485037
2025-01-01,2239,Taiwan,2106320000,12,2024,2024-12,0.1542738084865145,-0.0775570800752382
2025-02-01,2239,Taiwan,1794737000,1,2025,2025-01,-0.1479276653120134,-0.134797980674484
2025-03-01,2239,Taiwan,1404151000,2,2025,2025-02,-0.21762854390364716,-0.16279550915519414
2025-04-01,2239,Taiwan,1385199000,3,2025,2025-03,-0.01349712388482438,-0.10024143841956246
2025-05-01,2239,Taiwan,1837996000,4,2025,2025-04,0.3268822746767792,-0.005531270915405617
2025-06-01,2239,Taiwan,1411592000,5,2025,2025-05,-0.231993976047826,-0.2899154443260069
2025-07-01,2239,Taiwan,1557115000,6,2025,2025-06,0.10309140318165588,-0.09120648166467937
2025-08-01,2239,Taiwan,1670834000,7,2025,2025-07,0.07303185699193704,-0.11632740704385058
2025-09-01,2239,Taiwan,1475293000,8,2025,2025-08,-0.11703197325407555,-0.02431970562131547
2023-08-01,2241,Taiwan,76511000,7,2023,2023-07,,
2023-09-01,2241,Taiwan,80124000,8,2023,2023-08,0.047221968083020815,
2023-10-01,2241,Taiwan,88751000,9,2023,2023-09,0.1076706105536418,
2023-11-01,2241,Taiwan,93337000,10,2023,2023-10,0.05167265720949632,
2023-12-01,2241,Taiwan,94300000,11,2023,2023-11,0.01031745181439292,
2024-01-01,2241,Taiwan,64110000,12,2023,2023-12,-0.3201484623541888,
2024-02-01,2241,Taiwan,60409000,1,2024,2024-01,-0.057728903447200164,
2024-03-01,2241,Taiwan,60513000,2,2024,2024-02,0.001721597775165895,
2024-04-01,2241,Taiwan,64125000,3,2024,2024-03,0.059689653462892345,
2024-05-01,2241,Taiwan,54118000,4,2024,2024-04,-0.1560545808966861,
2024-06-01,2241,Taiwan,58812000,5,2024,2024-05,0.08673639084962481,
2024-07-01,2241,Taiwan,56278000,6,2024,2024-06,-0.0430864449432089,
2024-08-01,2241,Taiwan,52475000,7,2024,2024-07,-0.06757525143039911,-0.3141509064056148
2024-09-01,2241,Taiwan,62929000,8,2024,2024-08,0.19921867555979045,-0.2146048624631821
2024-10-01,2241,Taiwan,53707000,9,2024,2024-09,-0.14654610751799646,-0.39485752273213826
2024-11-01,2241,Taiwan,53247000,10,2024,2024-10,-0.008564991528106192,-0.42951884033127274
2024-12-01,2241,Taiwan,55393000,11,2024,2024-11,0.040302740060472964,-0.4125874867444327
2025-01-01,2241,Taiwan,60905000,12,2024,2024-12,0.09950715794414466,-0.04999220090469503
2025-02-01,2241,Taiwan,55417000,1,2025,2025-01,-0.09010754453657333,-0.08263669320796574
2025-03-01,2241,Taiwan,53274000,2,2025,2025-02,-0.03867044408755438,-0.11962718754647761
2025-04-01,2241,Taiwan,67097000,3,2025,2025-03,0.2594699102751812,0.0463469785575048
2025-05-01,2241,Taiwan,57648000,4,2025,2025-04,-0.14082596837414485,0.06522783547063815
2025-06-01,2241,Taiwan,44333000,5,2025,2025-05,-0.23097071884540665,-0.24619125348568316
2025-07-01,2241,Taiwan,42820000,6,2025,2025-06,-0.03412807615094848,-0.23913429759408655
2025-08-01,2241,Taiwan,56352000,7,2025,2025-07,0.31602055114432503,0.07388280133396852
2025-09-01,2241,Taiwan,59161000,8,2025,2025-08,0.04984738784781384,-0.0598770042428769
2023-08-01,2301,Taiwan,12567821000,7,2023,2023-07,,
2023-09-01,2301,Taiwan,13289503000,8,2023,2023-08,0.057423001171006405,
2023-10-01,2301,Taiwan,14100034000,9,2023,2023-09,0.060990316944132594,
2023-11-01,2301,Taiwan,12238842000,10,2023,2023-10,-0.13199911432837674,
2023-12-01,2301,Taiwan,12347799000,11,2023,2023-11,0.00890255793807948,
2024-01-01,2301,Taiwan,12324469000,12,2023,2023-12,-0.0018894055531678555,
2024-02-01,2301,Taiwan,9908418000,1,2024,2024-01,-0.1960369245928567,
2024-03-01,2301,Taiwan,8081408000,2,2024,2024-02,-0.18438967754489166,
2024-04-01,2301,Taiwan,10785248000,3,2024,2024-03,0.33457536112519004,
2024-05-01,2301,Taiwan,10595027000,4,2024,2024-04,-0.017637146591344077,
2024-06-01,2301,Taiwan,10952517000,5,2024,2024-05,0.03374130146152532,
2024-07-01,2301,Taiwan,11735967000,6,2024,2024-06,0.07153150275868092,
2024-08-01,2301,Taiwan,12865638000,7,2024,2024-07,0.0962571725022745,0.023696788806906177
2024-09-01,2301,Taiwan,12053795000,8,2024,2024-08,-0.0631016510801874,-0.09298376320017387
2024-10-01,2301,Taiwan,11850060000,9,2024,2024-09,-0.01690214575575577,-0.15957223932935194
2024-11-01,2301,Taiwan,12396253000,10,2024,2024-10,0.046092002909689844,0.012861592624531015
2024-12-01,2301,Taiwan,12512519000,11,2024,2024-11,0.009379124482212564,0.013340029263514852
2025-01-01,2301,Taiwan,13387348000,12,2024,2024-12,0.06991629742979821,0.08624136260961834
2025-02-01,2301,Taiwan,12147361000,1,2025,2025-01,-0.09262379673703858,0.22596372094919692
2025-03-01,2301,Taiwan,10916888000,2,2025,2025-02,-0.10129549949161798,0.35086460181196144
2025-04-01,2301,Taiwan,13352871000,3,2025,2025-03,0.22313895681626494,0.23806805369704986
2025-05-01,2301,Taiwan,13408177000,4,2025,2025-04,0.00414188079851896,0.26551607655176346
2025-06-01,2301,Taiwan,13394635000,5,2025,2025-05,-0.001009980700582891,0.22297322158915622
2025-07-01,2301,Taiwan,13619675000,6,2025,2025-06,0.016800756422254093,0.160507267956701
2025-08-01,2301,Taiwan,13811634000,7,2025,2025-07,0.014094242336913254,0.07352888368225496
2025-09-01,2301,Taiwan,15648789000,8,2025,2025-08,0.13301503645405033,0.29824582216637996
2023-08-01,2317,Taiwan,469234396000,7,2023,2023-07,,
2023-09-01,2317,Taiwan,412838898000,8,2023,2023-08,-0.12018619794444907,
2023-10-01,2317,Taiwan,660740414000,9,2023,2023-09,0.6004800351928079,
2023-11-01,2317,Taiwan,741200306000,10,2023,2023-10,0.12177231828897939,
2023-12-01,2317,Taiwan,650021114000,11,2023,2023-11,-0.1230155887172556,
2024-01-01,2317,Taiwan,460124625000,12,2023,2023-12,-0.2921389550432357,
2024-02-01,2317,Taiwan,522141475000,1,2024,2024-01,0.1347827232676364,
2024-03-01,2317,Taiwan,352480676000,2,2024,2024-02,-0.3249326229064642,
2024-04-01,2317,Taiwan,447540564000,3,2024,2024-03,0.2696882254050148,
2024-05-01,2317,Taiwan,510896397000,4,2024,2024-04,0.1415644482228431,
2024-06-01,2317,Taiwan,550157241000,5,2024,2024-05,0.07684697764662451,
2024-07-01,2317,Taiwan,490725274000,6,2024,2024-06,-0.10802723761659982,
2024-08-01,2317,Taiwan,572351867000,7,2024,2024-07,0.16633867731051488,0.21975684621380576
2024-09-01,2317,Taiwan,548311941000,8,2024,2024-08,-0.04200200503582874,0.3281498997703458
2024-10-01,2317,Taiwan,733023957000,9,2024,2024-09,0.33687396204271236,0.10939779294323593
2024-11-01,2317,Taiwan,804847646000,10,2024,2024-10,0.09798273073358765,0.08587063373392612
2024-12-01,2317,Taiwan,672585341000,11,2024,2024-11,-0.16433210143227528,0.03471306779736394
2025-01-01,2317,Taiwan,654825418000,12,2024,2024-12,-0.026405456553059148,0.4231479525791517
2025-02-01,2317,Taiwan,538665759000,1,2025,2025-01,-0.17739027198238666,0.031647139312195094
2025-03-01,2317,Taiwan,551382882000,2,2025,2025-02,0.023608560201800355,0.5642925117404167
2025-04-01,2317,Taiwan,552124573000,3,2025,2025-03,0.0013451469463645616,0.23368610001572954
2025-05-01,2317,Taiwan,641365597000,4,2025,2025-04,0.1616320453101805,0.25537310649697154
2025-06-01,2317,Taiwan,615744933000,5,2025,2025-05,-0.03994705066788917,0.11921626602747915
2025-07-01,2317,Taiwan,540236697000,6,2025,2025-06,-0.12262908219498092,0.10089438148645269
2025-08-01,2317,Taiwan,613864601000,7,2025,2025-07,0.1362882314527405,0.07253009275149269
2025-09-01,2317,Taiwan,606512275000,8,2025,2025-08,-0.011977113500310832,0.10614456780542736
2023-08-01,2331,Taiwan,1617835000,7,2023,2023-07,,
2023-09-01,2331,Taiwan,1381629000,8,2023,2023-08,-0.1460012918499105,
2023-10-01,2331,Taiwan,1452628000,9,2023,2023-09,0.051387890671084735,
2023-11-01,2331,Taiwan,1263903000,10,2023,2023-10,-0.12991970414999576,
2023-12-01,2331,Taiwan,1442878000,11,2023,2023-11,0.14160501240997125,
2024-01-01,2331,Taiwan,1621736000,12,2023,2023-12,0.12395919821357038,
2024-02-01,2331,Taiwan,1122861000,1,2024,2024-01,-0.30761788601843953,
2024-03-01,2331,Taiwan,928620000,2,2024,2024-02,-0.17298757370680784,
2024-04-01,2331,Taiwan,1407703000,3,2024,2024-03,0.5159085524757168,
2024-05-01,2331,Taiwan,1392240000,4,2024,2024-04,-0.010984561374096646,
2024-06-01,2331,Taiwan,1747528000,5,2024,2024-05,0.2551916336263862,
2024-07-01,2331,Taiwan,1850924000,6,2024,2024-06,0.05916700619389226,
2024-08-01,2331,Taiwan,1719777000,7,2024,2024-07,-0.07085488112964122,0.06301137013354263
2024-09-01,2331,Taiwan,1558009000,8,2024,2024-08,-0.09406335821446621,0.12766089883753162
2024-10-01,2331,Taiwan,1459533000,9,2024,2024-09,-0.06320631010475553,0.004753453740393265
2024-11-01,2331,Taiwan,1234601000,10,2024,2024-10,-0.15411230852608337,-0.023183741157351445
2024-12-01,2331,Taiwan,1302994000,11,2024,2024-11,0.055396844810590595,-0.09694790550552435
2025-01-01,2331,Taiwan,1770915000,12,2024,2024-12,0.35911216782272204,0.09198722850081631
2025-02-01,2331,Taiwan,1306652000,1,2025,2025-01,-0.26215995685846016,0.16368098989990743
2025-03-01,2331,Taiwan,860263000,2,2025,2025-02,-0.3416280692946554,-0.07361138032779824
2025-04-01,2331,Taiwan,1387561000,3,2025,2025-03,0.6129497607127123,-0.014308415908753425
2025-05-01,2331,Taiwan,1703170000,4,2025,2025-04,0.22745594608092912,0.22333074757225768
2025-06-01,2331,Taiwan,1868400000,5,2025,2025-05,0.0970132165315265,0.06916741820445793
2025-07-01,2331,Taiwan,1803301000,6,2025,2025-06,-0.03484211089702416,-0.025729311414190992
2025-08-01,2331,Taiwan,1795537000,7,2025,2025-07,-0.004305437639085197,0.044052223049849015
2025-09-01,2331,Taiwan,1915668000,8,2025,2025-08,0.06690533249941377,0.22956157506150476
2023-08-01,2344,Taiwan,6314838000,7,2023,2023-07,,
2023-09-01,2344,Taiwan,6424643000,8,2023,2023-08,0.01738841123081869,
2023-10-01,2344,Taiwan,6766334000,9,2023,2023-09,0.053184433749859705,
2023-11-01,2344,Taiwan,6297972000,10,2023,2023-10,-0.06921946211936925,
2023-12-01,2344,Taiwan,6368389000,11,2023,2023-11,0.011180900772502556,
2024-01-01,2344,Taiwan,6507308000,12,2023,2023-12,0.021813837063031194,
2024-02-01,2344,Taiwan,6402586000,1,2024,2024-01,-0.016092983457982935,
2024-03-01,2344,Taiwan,6207435000,2,2024,2024-02,-0.030480027913721064,
2024-04-01,2344,Taiwan,7511330000,3,2024,2024-03,0.21005375005940463,
2024-05-01,2344,Taiwan,6981267000,4,2024,2024-04,-0.07056846124454652,
2024-06-01,2344,Taiwan,7125163000,5,2024,2024-05,0.020611731366240615,
2024-07-01,2344,Taiwan,7377553000,6,2024,2024-06,0.03542234753085638,
2024-08-01,2344,Taiwan,7083403000,7,2024,2024-07,-0.039870943658419034,0.1217077936124411
2024-09-01,2344,Taiwan,6997545000,8,2024,2024-08,-0.012121010198064441,0.08917258126249195
2024-10-01,2344,Taiwan,7231483000,9,2024,2024-09,0.033431439169022914,0.06874461118827413
2024-11-01,2344,Taiwan,6097945000,10,2024,2024-10,-0.15675042034946363,-0.03176054132981221
2024-12-01,2344,Taiwan,6221805000,11,2024,2024-11,0.02031176076530694,-0.023017438162147408
2025-01-01,2344,Taiwan,6372253000,12,2024,2024-12,0.0241807642637466,-0.02075435802331782
2025-02-01,2344,Taiwan,6066312000,1,2025,2025-01,-0.048011433318796315,-0.05252159049484073
2025-03-01,2344,Taiwan,6353503000,2,2025,2025-02,0.04734194350702703,0.023531136451690582
2025-04-01,2344,Taiwan,7572802000,3,2025,2025-03,0.19190972287256347,0.008183903516421287
2025-05-01,2344,Taiwan,6819077000,4,2025,2025-04,-0.09953053044302496,-0.023232172612793645
2025-06-01,2344,Taiwan,7093516000,5,2025,2025-05,0.0402457693321252,-0.0044415825995840486
2025-07-01,2344,Taiwan,7105364000,6,2025,2025-06,0.0016702577396032758,-0.036894211400446686
2025-08-01,2344,Taiwan,6837785000,7,2025,2025-07,-0.03765873219162308,-0.03467514131272775
2025-09-01,2344,Taiwan,7012528000,8,2025,2025-08,0.025555497869558685,0.00214117951367232
2023-08-01,2356,Taiwan,41832938000,7,2023,2023-07,,
2023-09-01,2356,Taiwan,46478885000,8,2023,2023-08,0.1110595435587145,
2023-10-01,2356,Taiwan,47528852000,9,2023,2023-09,0.02259019337490553,
2023-11-01,2356,Taiwan,40401753000,10,2023,2023-10,-0.1499531063784162,
2023-12-01,2356,Taiwan,44140199000,11,2023,2023-11,0.09253177702462567,
2024-01-01,2356,Taiwan,43528473000,12,2023,2023-12,-0.013858705077428368,
2024-02-01,2356,Taiwan,44128871000,1,2024,2024-01,0.013793224494688783,
2024-03-01,2356,Taiwan,36650855000,2,2024,2024-02,-0.1694585841545776,
2024-04-01,2356,Taiwan,49726239000,3,2024,2024-03,0.35675522440063134,
2024-05-01,2356,Taiwan,51048144000,4,2024,2024-04,0.026583651339487036,
2024-06-01,2356,Taiwan,52180289000,5,2024,2024-05,0.022177985550267953,
2024-07-01,2356,Taiwan,50930365000,6,2024,2024-06,-0.023953949354324156,
2024-08-01,2356,Taiwan,55533420000,7,2024,2024-07,0.0903793836937945,0.32750465673723417
2024-09-01,2356,Taiwan,52028078000,8,2024,2024-08,-0.06312130605318378,0.11939169797210059
2024-10-01,2356,Taiwan,56253892000,9,2024,2024-09,0.08122179719958145,0.18357354812609405
2024-11-01,2356,Taiwan,64685079000,10,2024,2024-10,0.14987739870514205,0.6010463456870299
2024-12-01,2356,Taiwan,60857602000,11,2024,2024-11,-0.05917094110683552,0.3787342009944268
2025-01-01,2356,Taiwan,72263615000,12,2024,2024-12,0.18742133480711254,0.6601458773892666
2025-02-01,2356,Taiwan,45841662000,1,2025,2025-01,-0.36563287070540273,0.03881338817845581
2025-03-01,2356,Taiwan,51670733000,2,2025,2025-02,0.12715662446968,0.40980975750770354
2025-04-01,2356,Taiwan,59521941000,3,2025,2025-03,0.15194690580449088,0.19699261792149603
2025-05-01,2356,Taiwan,62100043000,4,2025,2025-04,0.043313473261901825,0.2164995264078553
2025-06-01,2356,Taiwan,61203003000,5,2025,2025-05,-0.014445078564599423,0.1729142205402503
2025-07-01,2356,Taiwan,63274343000,6,2025,2025-06,0.03384376416954571,0.24236971402030982
2025-08-01,2356,Taiwan,54420542000,7,2025,2025-07,-0.13992718976157525,-0.020039788653391066
2025-09-01,2356,Taiwan,61304263000,8,2025,2025-08,0.1264912245820704,0.17829190230705816
2023-08-01,2375,Taiwan,412283000,7,2023,2023-07,,
2023-09-01,2375,Taiwan,411700000,8,2023,2023-08,-0.0014140772236546084,
2023-10-01,2375,Taiwan,430274000,9,2023,2023-09,0.04511537527325715,
2023-11-01,2375,Taiwan,374251000,10,2023,2023-10,-0.13020307989792546,
2023-12-01,2375,Taiwan,409985000,11,2023,2023-11,0.09548137479926577,
2024-01-01,2375,Taiwan,391708000,12,2023,2023-12,-0.04457967974438093,
2024-02-01,2375,Taiwan,424078000,1,2024,2024-01,0.08263808755501545,
2024-03-01,2375,Taiwan,317708000,2,2024,2024-02,-0.2508264988987875,
2024-04-01,2375,Taiwan,423982000,3,2024,2024-03,0.3345021214448487,
2024-05-01,2375,Taiwan,488677000,4,2024,2024-04,0.15258902500577864,
2024-06-01,2375,Taiwan,489456000,5,2024,2024-05,0.0015940999883359286,
2024-07-01,2375,Taiwan,472955000,6,2024,2024-06,-0.03371293844594814,
2024-08-01,2375,Taiwan,453342000,7,2024,2024-07,-0.041469061538624175,0.09958935973590965
2024-09-01,2375,Taiwan,453199000,8,2024,2024-08,-0.00031543514609277956,0.10079912557687631
2024-10-01,2375,Taiwan,473833000,9,2024,2024-09,0.04552966798249769,0.1012354918028977
2024-11-01,2375,Taiwan,409006000,10,2024,2024-10,-0.13681402519453056,0.09286548332536193
2024-12-01,2375,Taiwan,423880000,11,2024,2024-11,0.03636621467655732,0.03389148383477436
2025-01-01,2375,Taiwan,433852000,12,2024,2024-12,0.023525526092290194,0.10759034791222022
2025-02-01,2375,Taiwan,427698000,1,2025,2025-01,-0.01418456063358009,0.008536165516720873
2025-03-01,2375,Taiwan,385616000,2,2025,2025-02,-0.0983918559357303,0.21374343737016388
2025-04-01,2375,Taiwan,481165000,3,2025,2025-03,0.24778276834986102,0.13487129170577994
2025-05-01,2375,Taiwan,530645000,4,2025,2025-04,0.1028337472592562,0.08588085790818889
2025-06-01,2375,Taiwan,486847000,5,2025,2025-05,-0.08253728952501205,-0.005330407636232826
2025-07-01,2375,Taiwan,458767000,6,2025,2025-06,-0.05767725794756873,-0.029998625662060907
2025-08-01,2375,Taiwan,450284000,7,2025,2025-07,-0.018490867913341646,-0.0067454592779844225
2025-09-01,2375,Taiwan,475169000,8,2025,2025-08,0.05526512156772179,0.04847760034775006
2023-08-01,2431,Taiwan,58044000,7,2023,2023-07,,
2023-09-01,2431,Taiwan,59277000,8,2023,2023-08,0.02124250568534225,
2023-10-01,2431,Taiwan,50269000,9,2023,2023-09,-0.15196450562612818,
2023-11-01,2431,Taiwan,53234000,10,2023,2023-10,0.0589826732180867,
2023-12-01,2431,Taiwan,34230000,11,2023,2023-11,-0.3569898936769733,
2024-01-01,2431,Taiwan,40817000,12,2023,2023-12,0.19243353783231076,
2024-02-01,2431,Taiwan,38343000,1,2024,2024-01,-0.06061199990200161,
2024-03-01,2431,Taiwan,33007000,2,2024,2024-02,-0.13916490624103484,
2024-04-01,2431,Taiwan,29177000,3,2024,2024-03,-0.11603599236525586,
2024-05-01,2431,Taiwan,26235000,4,2024,2024-04,-0.10083284779106827,
2024-06-01,2431,Taiwan,29945000,5,2024,2024-05,0.14141414141414144,
2024-07-01,2431,Taiwan,30488000,6,2024,2024-06,0.018133244281182126,
2024-08-01,2431,Taiwan,39483000,7,2024,2024-07,0.2950341117816846,-0.3197746537109779
2024-09-01,2431,Taiwan,31490000,8,2024,2024-08,-0.20244155712585166,-0.46876528839178766
2024-10-01,2431,Taiwan,41369000,9,2024,2024-09,0.31371864083836143,-0.17704748453321129
2024-11-01,2431,Taiwan,41408000,10,2024,2024-10,0.0009427348981121408,-0.22215125671563285
2024-12-01,2431,Taiwan,34285000,11,2024,2024-11,-0.17201989953632146,0.0016067776803974088
2025-01-01,2431,Taiwan,28532000,12,2024,2024-12,-0.1677993291526907,-0.30097753387069115
2025-02-01,2431,Taiwan,20842000,1,2025,2025-01,-0.269521940277583,-0.45643272566048565
2025-03-01,2431,Taiwan,43511000,2,2025,2025-02,1.0876595336340085,0.318235525797558
2025-04-01,2431,Taiwan,51534000,3,2025,2025-03,0.18439015421387706,0.7662542413544915
2025-05-01,2431,Taiwan,43020000,4,2025,2025-04,-0.1652113168005589,0.6397941680960548
2025-06-01,2431,Taiwan,35713000,5,2025,2025-05,-0.1698512319851232,0.19261980297211556
2025-07-01,2431,Taiwan,27628000,6,2025,2025-06,-0.22638814997339907,-0.0938073996326424
2025-08-01,2431,Taiwan,32515000,7,2025,2025-07,0.1768857680613869,-0.17648101714662
2025-09-01,2431,Taiwan,28820000,8,2025,2025-08,-0.11363985852683378,-0.0847888218482058
2023-08-01,2492,Taiwan,2878994000,7,2023,2023-07,,
2023-09-01,2492,Taiwan,2866961000,8,2023,2023-08,-0.004179584952243687,
2023-10-01,2492,Taiwan,2935063000,9,2023,2023-09,0.023754072692303785,
2023-11-01,2492,Taiwan,2725831000,10,2023,2023-10,-0.07128705584854567,
2023-12-01,2492,Taiwan,2807530000,11,2023,2023-11,0.029972144274535095,
2024-01-01,2492,Taiwan,2519566000,12,2023,2023-12,-0.10256844984737479,
2024-02-01,2492,Taiwan,2975688000,1,2024,2024-01,0.1810319713791979,
2024-03-01,2492,Taiwan,2348804000,2,2024,2024-02,-0.210668591599657,
2024-04-01,2492,Taiwan,2829125000,3,2024,2024-03,0.20449599029974408,
2024-05-01,2492,Taiwan,3005965000,4,2024,2024-04,0.0625069588653735,
2024-06-01,2492,Taiwan,3007412000,5,2024,2024-05,0.00048137619699506473,
2024-07-01,2492,Taiwan,2851405000,6,2024,2024-06,-0.05187416955176083,
2024-08-01,2492,Taiwan,3128959000,7,2024,2024-07,0.09733938181352708,0.0868237307892965
2024-09-01,2492,Taiwan,3076398000,8,2024,2024-08,-0.01679823864742236,0.0730519180414384
2024-10-01,2492,Taiwan,3182121000,9,2024,2024-09,0.034365839530515974,0.08417468381428272
2024-11-01,2492,Taiwan,2772231000,10,2024,2024-10,-0.1288103123671287,0.017022331905389487
2024-12-01,2492,Taiwan,2869217000,11,2024,2024-11,0.034984819086143926,0.021971982489946695
2025-01-01,2492,Taiwan,2685318000,12,2024,2024-12,-0.06409379283616401,0.06578593297417101
2025-02-01,2492,Taiwan,2894858000,1,2025,2025-01,0.07803172659625424,-0.027163466062302244
2025-03-01,2492,Taiwan,2777229000,2,2025,2025-02,-0.04063377201921481,0.18240134127836982
2025-04-01,2492,Taiwan,3062399000,3,2025,2025-03,0.10268148575432567,0.08245446913798427
2025-05-01,2492,Taiwan,3193018000,4,2025,2025-04,0.04265250870314419,0.062227271441949616
2025-06-01,2492,Taiwan,3176437000,5,2025,2025-05,-0.005192892742853283,0.056202808261721415
2025-07-01,2492,Taiwan,3147542000,6,2025,2025-06,-0.009096670262939255,0.10385651985600086
2025-08-01,2492,Taiwan,3130662000,7,2025,2025-07,-0.005362914934892049,0.0005442704746210225
2025-09-01,2492,Taiwan,3139068000,8,2025,2025-08,0.002685055109749923,0.020371226349776617
2023-08-01,2753,Taiwan,639927000,7,2023,2023-07,,
2023-09-01,2753,Taiwan,670145000,8,2023,2023-08,0.047221011146583836,
2023-10-01,2753,Taiwan,615167000,9,2023,2023-09,-0.08203896171724034,
2023-11-01,2753,Taiwan,656274000,10,2023,2023-10,0.06682250510836885,
2023-12-01,2753,Taiwan,621649000,11,2023,2023-11,-0.05275997525423837,
2024-01-01,2753,Taiwan,638782000,12,2023,2023-12,0.02756056874538526,
2024-02-01,2753,Taiwan,683379000,1,2024,2024-01,0.06981568046688857,
2024-03-01,2753,Taiwan,589840000,2,2024,2024-02,-0.13687719406068966,
2024-04-01,2753,Taiwan,654188000,3,2024,2024-03,0.10909399159093991,
2024-05-01,2753,Taiwan,610424000,4,2024,2024-04,-0.06689820051728246,
2024-06-01,2753,Taiwan,651705000,5,2024,2024-05,0.06762676434740444,
2024-07-01,2753,Taiwan,651990000,6,2024,2024-06,0.00043731442907457563,
2024-08-01,2753,Taiwan,687904000,7,2024,2024-07,0.05508366692740685,0.07497261406379163
2024-09-01,2753,Taiwan,690783000,8,2024,2024-08,0.004185177001442053,0.03079632019935974
2024-10-01,2753,Taiwan,671862000,9,2024,2024-09,-0.027390656689582737,0.09216196577514713
2024-11-01,2753,Taiwan,705435000,10,2024,2024-10,0.04997008314207374,0.07490926046133173
2024-12-01,2753,Taiwan,687739000,11,2024,2024-11,-0.025085231098541994,0.10631401321324407
2025-01-01,2753,Taiwan,742738000,12,2024,2024-12,0.07997074471565524,0.16274096640168323
2025-02-01,2753,Taiwan,715856000,1,2025,2025-01,-0.03619311251073731,0.04752414106959679
2025-03-01,2753,Taiwan,703320000,2,2025,2025-02,-0.01751190183500595,0.19239115692391162
2025-04-01,2753,Taiwan,758173000,3,2025,2025-03,0.07799152590570446,0.15895277810048491
2025-05-01,2753,Taiwan,705278000,4,2025,2025-04,-0.06976639896171455,0.1553903516244446
2025-06-01,2753,Taiwan,706117000,5,2025,2025-05,0.0011896018307675504,0.08349176391158575
2025-07-01,2753,Taiwan,696372000,6,2025,2025-06,-0.013800829041079599,0.0680715961901257
2025-08-01,2753,Taiwan,730407000,7,2025,2025-07,0.048874739363443664,0.06178623761455082
2025-09-01,2753,Taiwan,750693000,8,2025,2025-08,0.027773556387055365,0.08672766990502079
2023-08-01,2812,Taiwan,1563728000,7,2023,2023-07,,
2023-09-01,2812,Taiwan,1539817000,8,2023,2023-08,-0.015291022479612781,
2023-10-01,2812,Taiwan,1338337000,9,2023,2023-09,-0.13084671749954702,
2023-11-01,2812,Taiwan,1353282000,10,2023,2023-10,0.011166843627576695,
2023-12-01,2812,Taiwan,1486123000,11,2023,2023-11,0.09816209777415197,
2024-01-01,2812,Taiwan,1682914000,12,2023,2023-12,0.1324190527971103,
2024-02-01,2812,Taiwan,1571740000,1,2024,2024-01,-0.06606041663448048,
2024-03-01,2812,Taiwan,1494091000,2,2024,2024-02,-0.04940320918218022,
2024-04-01,2812,Taiwan,1582342000,3,2024,2024-03,0.05906668335462828,
2024-05-01,2812,Taiwan,1546953000,4,2024,2024-04,-0.022364950181439913,
2024-06-01,2812,Taiwan,1544746000,5,2024,2024-05,-0.0014266755357144056,
2024-07-01,2812,Taiwan,1785757000,6,2024,2024-06,0.15601982461841613,
2024-08-01,2812,Taiwan,1737789000,7,2024,2024-07,-0.026861437474415606,0.11131155802032078
2024-09-01,2812,Taiwan,1665890000,8,2024,2024-08,-0.04137383767534497,0.08187531375481627
2024-10-01,2812,Taiwan,1473000000,9,2024,2024-09,-0.11578795718804968,0.10061964960992631
2024-11-01,2812,Taiwan,1614678000,10,2024,2024-10,0.09618329938900194,0.19315708034245627
2024-12-01,2812,Taiwan,1569927000,11,2024,2024-11,-0.02771512338683002,0.0563910255073099
2025-01-01,2812,Taiwan,1625226000,12,2024,2024-12,0.03522393079423436,-0.034278638124110916
2025-02-01,2812,Taiwan,1757813000,1,2025,2025-01,0.08158065401365722,0.11838662883174056
2025-03-01,2812,Taiwan,1626913000,2,2025,2025-02,-0.07446753437367915,0.08889819964111956
2025-04-01,2812,Taiwan,1612863000,3,2025,2025-03,-0.008635987296186087,0.019288497682548922
2025-05-01,2812,Taiwan,1414676000,4,2025,2025-04,-0.12287900460237478,-0.08550809235962564
2025-06-01,2812,Taiwan,1529294000,5,2025,2025-05,0.08102067187115636,-0.010002938994501331
2025-07-01,2812,Taiwan,1661522000,6,2025,2025-06,0.0864634269146416,-0.06956993588713356
2025-08-01,2812,Taiwan,1802030000,7,2025,2025-07,0.08456583782820815,0.03696708863964493
2025-09-01,2812,Taiwan,1941260000,8,2025,2025-08,0.07726286465819099,0.16529902934767593
2023-08-01,2832,Taiwan,589717000,7,2023,2023-07,,
2023-09-01,2832,Taiwan,587636000,8,2023,2023-08,-0.003528811277273669,
2023-10-01,2832,Taiwan,547977000,9,2023,2023-09,-0.06748905785213977,
2023-11-01,2832,Taiwan,561873000,10,2023,2023-10,0.02535872855977539,
2023-12-01,2832,Taiwan,554486000,11,2023,2023-11,-0.013147099077549518,
2024-01-01,2832,Taiwan,549435000,12,2023,2023-12,-0.00910933729616259,
2024-02-01,2832,Taiwan,618105000,1,2024,2024-01,0.1249829370171176,
2024-03-01,2832,Taiwan,607835000,2,2024,2024-02,-0.016615299989483967,
2024-04-01,2832,Taiwan,640333000,3,2024,2024-03,0.053465167356272714,
2024-05-01,2832,Taiwan,545224000,4,2024,2024-04,-0.14853053020850093,
2024-06-01,2832,Taiwan,583115000,5,2024,2024-05,0.06949620706351878,
2024-07-01,2832,Taiwan,691707000,6,2024,2024-06,0.18622741654733632,
2024-08-01,2832,Taiwan,740756000,7,2024,2024-07,0.07091008186992465,0.25612115641909594
2024-09-01,2832,Taiwan,579793000,8,2024,2024-08,-0.21729557371118158,-0.013346697615530756
2024-10-01,2832,Taiwan,615067000,9,2024,2024-09,0.06083895459241484,0.12243214587473572
2024-11-01,2832,Taiwan,569449000,10,2024,2024-10,-0.07416752971627483,0.013483474023489261
2024-12-01,2832,Taiwan,609922000,11,2024,2024-11,0.07107396799362187,0.09997727625224084
2025-01-01,2832,Taiwan,552421000,12,2024,2024-12,-0.0942759893888071,0.005434673801268497
2025-02-01,2832,Taiwan,603311000,1,2025,2025-01,0.0921217694475771,-0.023934444794978194
2025-03-01,2832,Taiwan,639487000,2,2025,2025-02,0.059962440598629874,0.05207334227216265
2025-04-01,2832,Taiwan,625004000,3,2025,2025-03,-0.022647841160179927,-0.0239391066835537
2025-05-01,2832,Taiwan,541831000,4,2025,2025-04,-0.13307594831393077,-0.006223130309744307
2025-06-01,2832,Taiwan,502442000,5,2025,2025-05,-0.07269609896812845,-0.13834835324078443
2025-07-01,2832,Taiwan,649190000,6,2025,2025-06,0.2920695324037401,-0.06146677711805726
2025-08-01,2832,Taiwan,677595000,7,2025,2025-07,0.04375452486945264,-0.08526559352877328
2025-09-01,2832,Taiwan,664618000,8,2025,2025-08,-0.01915155808410629,0.14630221475595606
2023-08-01,2855,Taiwan,1607856000,7,2023,2023-07,,
2023-09-01,2855,Taiwan,665345000,8,2023,2023-08,-0.586191176324248,
2023-10-01,2855,Taiwan,347601000,9,2023,2023-09,-0.47756276818793253,
2023-11-01,2855,Taiwan,120047000,10,2023,2023-10,-0.6546413848061428,
2023-12-01,2855,Taiwan,1077644000,11,2023,2023-11,7.976850733462728,
2024-01-01,2855,Taiwan,994148000,12,2023,2023-12,-0.07748013258552922,
2024-02-01,2855,Taiwan,1111257000,1,2024,2024-01,0.1177983559791902,
2024-03-01,2855,Taiwan,1326513000,2,2024,2024-02,0.1937049665378936,
2024-04-01,2855,Taiwan,1560391000,3,2024,2024-03,0.17631037162847263,
2024-05-01,2855,Taiwan,809637000,4,2024,2024-04,-0.48113197269146,
2024-06-01,2855,Taiwan,1140097000,5,2024,2024-05,0.40815822399420965,
2024-07-01,2855,Taiwan,1650799000,6,2024,2024-06,0.4479460958146544,
2024-08-01,2855,Taiwan,1063233000,7,2024,2024-07,-0.3559282505017267,-0.33872622921455653
2024-09-01,2855,Taiwan,906108000,8,2024,2024-08,-0.14778040184982977,0.36186189119930257
2024-10-01,2855,Taiwan,691391000,9,2024,2024-09,-0.236966233605707,0.9890362801027615
2024-11-01,2855,Taiwan,960369000,10,2024,2024-10,0.38903890851920253,6.9999416895049436
2024-12-01,2855,Taiwan,760870000,11,2024,2024-11,-0.20773161149516484,-0.29395050684641677
2025-01-01,2855,Taiwan,1049637000,12,2024,2024-12,0.3795221259873567,0.0558156330848123
2025-02-01,2855,Taiwan,688353000,1,2025,2025-01,-0.3441989945095304,-0.380563631995119
2025-03-01,2855,Taiwan,652377000,2,2025,2025-02,-0.05226388204889065,-0.5082015781224911
2025-04-01,2855,Taiwan,388194000,3,2025,2025-03,-0.40495449716958143,-0.7512200467703287
2025-05-01,2855,Taiwan,403189000,4,2025,2025-04,0.038627593419785056,-0.5020126303516268
2025-06-01,2855,Taiwan,831039000,5,2025,2025-05,1.0611648631287065,-0.27108044315527535
2025-07-01,2855,Taiwan,1077759000,6,2025,2025-06,0.29688137379834156,-0.3471288751689333
2025-08-01,2855,Taiwan,1412396000,7,2025,2025-07,0.31049334777069837,0.3283974443983586
2025-09-01,2855,Taiwan,1790668000,8,2025,2025-08,0.2678229051908956,0.9762191703417253
2023-08-01,2885,Taiwan,11633153000,7,2023,2023-07,,
2023-09-01,2885,Taiwan,9008431000,8,2023,2023-08,-0.22562429979215437,
2023-10-01,2885,Taiwan,7048278000,9,2023,2023-09,-0.21759094341733876,
2023-11-01,2885,Taiwan,6299530000,10,2023,2023-10,-0.10623133764020087,
2023-12-01,2885,Taiwan,6890434000,11,2023,2023-11,0.09380128358782325,
2024-01-01,2885,Taiwan,7077451000,12,2023,2023-12,0.027141541447171624,
2024-02-01,2885,Taiwan,10569196000,1,2024,2024-01,0.4933619462713341,
2024-03-01,2885,Taiwan,8723284000,2,2024,2024-02,-0.17465018152752587,
2024-04-01,2885,Taiwan,11723324000,3,2024,2024-03,0.34391176533975054,
2024-05-01,2885,Taiwan,8353922000,4,2024,2024-04,-0.28741012361340523,
2024-06-01,2885,Taiwan,8547962000,5,2024,2024-05,0.023227413423299925,
2024-07-01,2885,Taiwan,11081769000,6,2024,2024-06,0.2964223519009561,
2024-08-01,2885,Taiwan,13211020000,7,2024,2024-07,0.19213999136780413,0.1356353690181844
2024-09-01,2885,Taiwan,8405532000,8,2024,2024-08,-0.3637484463728009,-0.06692608291055346
2024-10-01,2885,Taiwan,9380551000,9,2024,2024-09,0.11599729796995595,0.33089968925743274
2024-11-01,2885,Taiwan,10069782000,10,2024,2024-10,0.07347446861063922,0.5984973482148668
2024-12-01,2885,Taiwan,11433683000,11,2024,2024-11,0.1354449381327223,0.659355999926855
2025-01-01,2885,Taiwan,9199657000,12,2024,2024-12,-0.19538988443181426,0.2998545662838217
2025-02-01,2885,Taiwan,10682579000,1,2025,2025-01,0.16119318361543256,0.01072768448990824
2025-03-01,2885,Taiwan,10374258000,2,2025,2025-02,-0.028862037903019444,0.18926060414862111
2025-04-01,2885,Taiwan,10168743000,3,2025,2025-03,-0.019810091478349556,-0.13260582066997384
2025-05-01,2885,Taiwan,7604152000,4,2025,2025-04,-0.2522033450938823,-0.08975065843324848
2025-06-01,2885,Taiwan,6495505000,5,2025,2025-05,-0.14579495517711905,-0.24011068369279132
2025-07-01,2885,Taiwan,9654722000,6,2025,2025-06,0.48636972798881684,-0.12877429587279787
2025-08-01,2885,Taiwan,10817423000,7,2025,2025-07,0.12042822154796373,-0.18118184667043125
2025-09-01,2885,Taiwan,11844543000,8,2025,2025-08,0.0949505256473746,0.40913662573647924
2023-08-01,3006,Taiwan,1032720000,7,2023,2023-07,,
2023-09-01,3006,Taiwan,961951000,8,2023,2023-08,-0.06852680300565495,
2023-10-01,3006,Taiwan,1026869000,9,2023,2023-09,0.06748576590699518,
2023-11-01,3006,Taiwan,1079154000,10,2023,2023-10,0.05091691345244631,
2023-12-01,3006,Taiwan,1066325000,11,2023,2023-11,-0.011888015982890354,
2024-01-01,3006,Taiwan,1018994000,12,2023,2023-12,-0.04438703022061752,
2024-02-01,3006,Taiwan,1090218000,1,2024,2024-01,0.06989638800621001,
2024-03-01,3006,Taiwan,906270000,2,2024,2024-02,-0.1687258878499529,
2024-04-01,3006,Taiwan,1341474000,3,2024,2024-03,0.4802145056109106,
2024-05-01,3006,Taiwan,1170716000,4,2024,2024-04,-0.12729132282847078,
2024-06-01,3006,Taiwan,1252318000,5,2024,2024-05,0.06970264351046707,
2024-07-01,3006,Taiwan,1156814000,6,2024,2024-06,-0.07626178015488083,
2024-08-01,3006,Taiwan,1030878000,7,2024,2024-07,-0.10886451927449015,-0.001783639321403685
2024-09-01,3006,Taiwan,1146843000,8,2024,2024-08,0.11249148783852214,0.19220521627400977
2024-10-01,3006,Taiwan,1234788000,9,2024,2024-09,0.07668442847015666,0.20247860243127414
2024-11-01,3006,Taiwan,1146747000,10,2024,2024-10,-0.07130049854711906,0.06263517533178775
2024-12-01,3006,Taiwan,963752000,11,2024,2024-11,-0.1595774830891208,-0.09619299932009473
2025-01-01,3006,Taiwan,1044351000,12,2024,2024-12,0.08363043604578779,0.024884346718430095
2025-02-01,3006,Taiwan,935504000,1,2025,2025-01,-0.1042245375357519,-0.14191106732781888
2025-03-01,3006,Taiwan,917212000,2,2025,2025-02,-0.01955309651268189,0.012073664581195409
2025-04-01,3006,Taiwan,1050219000,3,2025,2025-03,0.14501227633306146,-0.21711565039650416
2025-05-01,3006,Taiwan,1031627000,4,2025,2025-04,-0.017702974332020283,-0.118806781490985
2025-06-01,3006,Taiwan,1125618000,5,2025,2025-05,0.09110948046144585,-0.10117238592753597
2025-07-01,3006,Taiwan,1131185000,6,2025,2025-06,0.004945727591420868,-0.022154814862199057
2025-08-01,3006,Taiwan,1147877000,7,2025,2025-07,0.014756206986478837,0.11349451632491925
2025-09-01,3006,Taiwan,1120861000,8,2025,2025-08,-0.02353562271915899,-0.022655237028956887
2023-08-01,3026,Taiwan,1132231000,7,2023,2023-07,,
2023-09-01,3026,Taiwan,1117021000,8,2023,2023-08,-0.013433654439774179,
2023-10-01,3026,Taiwan,1204034000,9,2023,2023-09,0.07789737166982547,
2023-11-01,3026,Taiwan,1030852000,10,2023,2023-10,-0.14383480865158293,
2023-12-01,3026,Taiwan,1052265000,11,2023,2023-11,0.020772137998471107,
2024-01-01,3026,Taiwan,844441000,12,2023,2023-12,-0.197501579925209,
2024-02-01,3026,Taiwan,1152246000,1,2024,2024-01,0.3645074078591637,
2024-03-01,3026,Taiwan,748497000,2,2024,2024-02,-0.35040173712905054,
2024-04-01,3026,Taiwan,1038446000,3,2024,2024-03,0.38737496609872846,
2024-05-01,3026,Taiwan,1096732000,4,2024,2024-04,0.05612809910192729,
2024-06-01,3026,Taiwan,1094465000,5,2024,2024-05,-0.002067050108868873,
2024-07-01,3026,Taiwan,1051190000,6,2024,2024-06,-0.039539866510121424,
2024-08-01,3026,Taiwan,1207011000,7,2024,2024-07,0.14823295503191614,0.0660465929655698
2024-09-01,3026,Taiwan,1096143000,8,2024,2024-08,-0.09185334682119717,-0.018690785580575464
2024-10-01,3026,Taiwan,1108042000,9,2024,2024-09,0.01085533548086337,-0.07972532337126692
2024-11-01,3026,Taiwan,1080046000,10,2024,2024-10,-0.02526619027076593,0.04772169040754637
2024-12-01,3026,Taiwan,1095555000,11,2024,2024-11,0.014359573573718087,0.04113982694473339
2025-01-01,3026,Taiwan,1020674000,12,2024,2024-12,-0.06834983182040155,0.20869782495165445
2025-02-01,3026,Taiwan,1070808000,1,2025,2025-01,0.04911852364222069,-0.070677615717477
2025-03-01,3026,Taiwan,1042531000,2,2025,2025-02,-0.026407161694720238,0.3928325698032189
2025-04-01,3026,Taiwan,1288445000,3,2025,2025-03,0.2358817147883372,0.24074338001205642
2025-05-01,3026,Taiwan,1178544000,4,2025,2025-04,-0.0852973933695268,0.07459616387595136
2025-06-01,3026,Taiwan,1064074000,5,2025,2025-05,-0.09712832104698677,-0.027767904866761395
2025-07-01,3026,Taiwan,1033716000,6,2025,2025-06,-0.028529970659935344,-0.016623065287911798
2025-08-01,3026,Taiwan,1095188000,7,2025,2025-07,0.05946701028135393,-0.0926445575061039
2025-09-01,3026,Taiwan,1080751000,8,2025,2025-08,-0.013182211638549712,-0.014041963502937072
2023-08-01,3036,Taiwan,53994572000,7,2023,2023-07,,
2023-09-01,3036,Taiwan,50372285000,8,2023,2023-08,-0.06708613228751958,
2023-10-01,3036,Taiwan,62892944000,9,2023,2023-09,0.24856245850272618,
2023-11-01,3036,Taiwan,67633958000,10,2023,2023-10,0.0753822877173631,
2023-12-01,3036,Taiwan,63256184000,11,2023,2023-11,-0.06472745540043656,
2024-01-01,3036,Taiwan,58805865000,12,2023,2023-12,-0.07035389615029575,
2024-02-01,3036,Taiwan,73696298000,1,2024,2024-01,0.25321339971786827,
2024-03-01,3036,Taiwan,51887629000,2,2024,2024-02,-0.2959262485613592,
2024-04-01,3036,Taiwan,67067446000,3,2024,2024-03,0.29255175641191844,
2024-05-01,3036,Taiwan,87528189000,4,2024,2024-04,0.30507711595279763,
2024-06-01,3036,Taiwan,80208802000,5,2024,2024-05,-0.08362319709368149,
2024-07-01,3036,Taiwan,75910117000,6,2024,2024-06,-0.05359368165104872,
2024-08-01,3036,Taiwan,95201243000,7,2024,2024-07,0.25413115882827575,0.7631632120354617
2024-09-01,3036,Taiwan,81540021000,8,2024,2024-08,-0.14349835747417705,0.6187477101743548
2024-10-01,3036,Taiwan,84514548000,9,2024,2024-09,0.03647935042842332,0.34378425662503576
2024-11-01,3036,Taiwan,98597074000,10,2024,2024-10,0.1666284247299057,0.4578042881949922
2024-12-01,3036,Taiwan,67450261000,11,2024,2024-11,-0.31589997285314975,0.06630303528900816
2025-01-01,3036,Taiwan,95830269000,12,2024,2024-12,0.4207546061237628,0.6296039349136349
2025-02-01,3036,Taiwan,77779195000,1,2025,2025-01,-0.18836505613899512,0.05540165667480346
2025-03-01,3036,Taiwan,80963181000,2,2025,2025-02,0.04093621694078986,0.5603561496325069
2025-04-01,3036,Taiwan,88682081000,3,2025,2025-03,0.09533839832701241,0.3222820651318674
2025-05-01,3036,Taiwan,118088535000,4,2025,2025-04,0.33159409058071154,0.34914861542491193
2025-06-01,3036,Taiwan,78326329000,5,2025,2025-05,-0.33671521117608916,-0.023469656110809423
2025-07-01,3036,Taiwan,63088486000,6,2025,2025-06,-0.1945430507792597,-0.16890543061605345
2025-08-01,3036,Taiwan,93900316000,7,2025,2025-07,0.4883907025443597,-0.013665021159440127
2025-09-01,3036,Taiwan,100086220000,8,2025,2025-08,0.06587735018910901,0.22744903389220372
2023-08-01,3037,Taiwan,8568959000,7,2023,2023-07,,
2023-09-01,3037,Taiwan,9217841000,8,2023,2023-08,0.07572471755320564,
2023-10-01,3037,Taiwan,8758856000,9,2023,2023-09,-0.04979311315957824,
2023-11-01,3037,Taiwan,8789447000,10,2023,2023-10,0.00349257939621328,
2023-12-01,3037,Taiwan,8715320000,11,2023,2023-11,-0.008433636382357168,
2024-01-01,3037,Taiwan,8184615000,12,2023,2023-12,-0.06089334642904676,
2024-02-01,3037,Taiwan,9222048000,1,2024,2024-01,0.12675403791137385,
2024-03-01,3037,Taiwan,8279814000,2,2024,2024-02,-0.10217188199410798,
2024-04-01,3037,Taiwan,8900957000,3,2024,2024-03,0.07501895573982709,
2024-05-01,3037,Taiwan,9361971000,4,2024,2024-04,0.05179375655898566,
2024-06-01,3037,Taiwan,9643831000,5,2024,2024-05,0.03010690804318883,
2024-07-01,3037,Taiwan,8871595000,6,2024,2024-06,-0.08007564628621133,
2024-08-01,3037,Taiwan,10051113000,7,2024,2024-07,0.1329544461847052,0.17296780157309666
2024-09-01,3037,Taiwan,10823395000,8,2024,2024-08,0.07683547085780451,0.1741789644668421
2024-10-01,3037,Taiwan,10837646000,9,2024,2024-09,0.0013166848294827727,0.23733578905738373
2024-11-01,3037,Taiwan,10479818000,10,2024,2024-10,-0.033017133056385095,0.1923182425469998
2024-12-01,3037,Taiwan,9583655000,11,2024,2024-11,-0.08551322169907916,0.09963317468549637
2025-01-01,3037,Taiwan,9317439000,12,2024,2024-12,-0.02777812849064365,0.13840895387260121
2025-02-01,3037,Taiwan,9493871000,1,2025,2025-01,0.01893567535027607,0.02947533996786822
2025-03-01,3037,Taiwan,9985276000,2,2025,2025-02,0.051760235629913165,0.2059782985463201
2025-04-01,3037,Taiwan,10610385000,3,2025,2025-03,0.06260307677023658,0.1920499110376559
2025-05-01,3037,Taiwan,10915988000,4,2025,2025-04,0.028802253641126097,0.16599250307440605
2025-06-01,3037,Taiwan,10621322000,5,2025,2025-05,-0.026993983503829422,0.1013592005085946
2025-07-01,3037,Taiwan,10928735000,6,2025,2025-06,0.02894300728289756,0.2318793858376087
2025-08-01,3037,Taiwan,11311474000,7,2025,2025-07,0.03502134510535759,0.12539516767944003
2025-09-01,3037,Taiwan,11356606000,8,2025,2025-08,0.003989930932078334,0.049264671574861696
2023-08-01,3138,Taiwan,170452000,7,2023,2023-07,,
2023-09-01,3138,Taiwan,156427000,8,2023,2023-08,-0.0822812287330158,
2023-10-01,3138,Taiwan,137267000,9,2023,2023-09,-0.12248524871026101,
2023-11-01,3138,Taiwan,168153000,10,2023,2023-10,0.2250067386917467,
2023-12-01,3138,Taiwan,163779000,11,2023,2023-11,-0.02601202476316211,
2024-01-01,3138,Taiwan,180048000,12,2023,2023-12,0.09933507958895826,
2024-02-01,3138,Taiwan,120629000,1,2024,2024-01,-0.33001755087532214,
2024-03-01,3138,Taiwan,109394000,2,2024,2024-02,-0.09313680789859813,
2024-04-01,3138,Taiwan,137306000,3,2024,2024-03,0.25515110517944306,
2024-05-01,3138,Taiwan,145700000,4,2024,2024-04,0.06113352657567761,
2024-06-01,3138,Taiwan,125391000,5,2024,2024-05,-0.13938915579958822,
2024-07-01,3138,Taiwan,148151000,6,2024,2024-06,0.18151222974535663,
2024-08-01,3138,Taiwan,161672000,7,2024,2024-07,0.09126499314888181,-0.051510102550864745
2024-09-01,3138,Taiwan,151091000,8,2024,2024-08,-0.0654473254490574,-0.03411175820031065
2024-10-01,3138,Taiwan,158081000,9,2024,2024-09,0.04626351007009011,0.1516314919099273
2024-11-01,3138,Taiwan,138563000,10,2024,2024-10,-0.12346834850488042,-0.1759706933566454
2024-12-01,3138,Taiwan,159201000,11,2024,2024-11,0.14894308004301293,-0.02795230157712525
2025-01-01,3138,Taiwan,152411000,12,2024,2024-12,-0.042650485863782284,-0.15349795610059536
2025-02-01,3138,Taiwan,104347000,1,2025,2025-01,-0.31535781538077956,-0.13497583499821764
2025-03-01,3138,Taiwan,97974000,2,2025,2025-02,-0.06107506684427921,-0.10439329396493413
2025-04-01,3138,Taiwan,120665000,3,2025,2025-03,0.23160226182456567,-0.1211964517209736
2025-05-01,3138,Taiwan,145634000,4,2025,2025-04,0.2069282724899515,-0.0004529855868222743
2025-06-01,3138,Taiwan,130227000,5,2025,2025-05,-0.10579260337558538,0.03856736129387284
2025-07-01,3138,Taiwan,143190000,6,2025,2025-06,0.09954156972056483,-0.03348610539247121
2025-08-01,3138,Taiwan,152849000,7,2025,2025-07,0.06745582792094429,-0.05457345737047847
2025-09-01,3138,Taiwan,153503000,8,2025,2025-08,0.0042787326053816965,0.01596388931173931
2023-08-01,3149,Taiwan,164089000,7,2023,2023-07,,
2023-09-01,3149,Taiwan,162737000,8,2023,2023-08,-0.008239431040471978,
2023-10-01,3149,Taiwan,159050000,9,2023,2023-09,-0.02265618759102106,
2023-11-01,3149,Taiwan,165786000,10,2023,2023-10,0.04235146180446403,
2023-12-01,3149,Taiwan,160557000,11,2023,2023-11,-0.031540660851941626,
2024-01-01,3149,Taiwan,168112000,12,2023,2023-12,0.047054939990159195,
2024-02-01,3149,Taiwan,165282000,1,2024,2024-01,-0.016834015418292547,
2024-03-01,3149,Taiwan,89129000,2,2024,2024-02,-0.46074587674398904,
2024-04-01,3149,Taiwan,158480000,3,2024,2024-03,0.7780969157064479,
2024-05-01,3149,Taiwan,162836000,4,2024,2024-04,0.02748611812216062,
2024-06-01,3149,Taiwan,198739000,5,2024,2024-05,0.2204856419956276,
2024-07-01,3149,Taiwan,203112000,6,2024,2024-06,0.022003733539969428,
2024-08-01,3149,Taiwan,203386000,7,2024,2024-07,0.0013490094135255593,0.23948588875549248
2024-09-01,3149,Taiwan,206819000,8,2024,2024-08,0.01687923455891749,0.27087877987181774
2024-10-01,3149,Taiwan,229111000,9,2024,2024-09,0.10778506810302724,0.44049669915121026
2024-11-01,3149,Taiwan,168518000,10,2024,2024-10,-0.26447006036375387,0.01647907543459648
2024-12-01,3149,Taiwan,199957000,11,2024,2024-11,0.18656167293701564,0.2453957161631073
2025-01-01,3149,Taiwan,177812000,12,2024,2024-12,-0.11074881099436373,0.05769962881888269
2025-02-01,3149,Taiwan,178998000,1,2025,2025-01,0.006669966031539021,0.08298544306095046
2025-03-01,3149,Taiwan,100543000,2,2025,2025-02,-0.43830098660320227,0.12806157367411286
2025-04-01,3149,Taiwan,191136000,3,2025,2025-03,0.9010373670966652,0.206057546693589
2025-05-01,3149,Taiwan,210504000,4,2025,2025-04,0.10133098945253649,0.29273624996929426
2025-06-01,3149,Taiwan,195382000,5,2025,2025-05,-0.07183711473416177,-0.016891500913258084
2025-07-01,3149,Taiwan,160864000,6,2025,2025-06,-0.17666929399842357,-0.20800346606798215
2025-08-01,3149,Taiwan,172365000,7,2025,2025-07,0.07149517604933364,-0.15252278917919626
2025-09-01,3149,Taiwan,162698000,8,2025,2025-08,-0.056084471905549216,-0.21333146374365997
2023-08-01,3231,Taiwan,67719669000,7,2023,2023-07,,
2023-09-01,3231,Taiwan,72891238000,8,2023,2023-08,0.07636731065534308,
2023-10-01,3231,Taiwan,77882364000,9,2023,2023-09,0.06847360721188456,
2023-11-01,3231,Taiwan,78402929000,10,2023,2023-10,0.006683990742756496,
2023-12-01,3231,Taiwan,76435409000,11,2023,2023-11,-0.025094980826545377,
2024-01-01,3231,Taiwan,74698087000,12,2023,2023-12,-0.02272928244552208,
2024-02-01,3231,Taiwan,67299575000,1,2024,2024-01,-0.09904553512863057,
2024-03-01,3231,Taiwan,81097431000,2,2024,2024-02,0.20502144330034766,
2024-04-01,3231,Taiwan,89831083000,3,2024,2024-03,0.10769332508202378,
2024-05-01,3231,Taiwan,72642799000,4,2024,2024-04,-0.1913400509709985,
2024-06-01,3231,Taiwan,79501289000,5,2024,2024-05,0.0944139005436726,
2024-07-01,3231,Taiwan,88787165000,6,2024,2024-06,0.11680157789642887,
2024-08-01,3231,Taiwan,86190479000,7,2024,2024-07,-0.02924618665321732,0.27275399116318777
2024-09-01,3231,Taiwan,89820629000,8,2024,2024-08,0.04211776105803988,0.2322555009972529
2024-10-01,3231,Taiwan,96903570000,9,2024,2024-09,0.07885650633775909,0.2442299517256563
2024-11-01,3231,Taiwan,96284824000,10,2024,2024-10,-0.006385172393545413,0.2280768745259505
2024-12-01,3231,Taiwan,95242553000,11,2024,2024-11,-0.01082487308695712,0.246052768553904
2025-01-01,3231,Taiwan,105654212000,12,2024,2024-12,0.10931730273966922,0.41441656999863996
2025-02-01,3231,Taiwan,90786162000,1,2025,2025-01,-0.14072368454179562,0.34898566595702873
2025-03-01,3231,Taiwan,102714136000,2,2025,2025-02,0.1313853756699177,0.2665522783329597
2025-04-01,3231,Taiwan,152984771000,3,2025,2025-03,0.48942275092495535,0.7030271248093491
2025-05-01,3231,Taiwan,133703546000,4,2025,2025-04,-0.1260336233075121,0.840561595100431
2025-06-01,3231,Taiwan,208405603000,5,2025,2025-05,0.5587141047104316,1.6214116226467725
2025-07-01,3231,Taiwan,209182302000,6,2025,2025-06,0.0037268623723134553,1.3559970858400536
2025-08-01,3231,Taiwan,191725748000,7,2025,2025-07,-0.08345139064393703,1.224442307601052
2025-09-01,3231,Taiwan,172642595000,8,2025,2025-08,-0.09953359524772853,0.922081785911341
2023-08-01,3380,Taiwan,1627411000,7,2023,2023-07,,
2023-09-01,3380,Taiwan,1876962000,8,2023,2023-08,0.15334233331346536,
2023-10-01,3380,Taiwan,2357028000,9,2023,2023-09,0.25576756482017227,
2023-11-01,3380,Taiwan,1572369000,10,2023,2023-10,-0.332901857763251,
2023-12-01,3380,Taiwan,2017316000,11,2023,2023-11,0.2829787409952753,
2024-01-01,3380,Taiwan,3197292000,12,2023,2023-12,0.5849237303426931,
2024-02-01,3380,Taiwan,1633691000,1,2024,2024-01,-0.48903916189075003,
2024-03-01,3380,Taiwan,1356575000,2,2024,2024-02,-0.16962571257355274,
2024-04-01,3380,Taiwan,2189934000,3,2024,2024-03,0.6143110406722814,
2024-05-01,3380,Taiwan,1828179000,4,2024,2024-04,-0.16518990983289905,
2024-06-01,3380,Taiwan,1784703000,5,2024,2024-05,-0.023781041134374736,
2024-07-01,3380,Taiwan,2071578000,6,2024,2024-06,0.160741030860597,
2024-08-01,3380,Taiwan,1535879000,7,2024,2024-07,-0.2585946558613772,-0.0562439359203053
2024-09-01,3380,Taiwan,1505533000,8,2024,2024-08,-0.019758066878966418,-0.19788839624883192
2024-10-01,3380,Taiwan,1909565000,9,2024,2024-09,0.26836475852737873,-0.18984203836356628
2024-11-01,3380,Taiwan,1770171000,10,2024,2024-10,-0.07299777698062127,0.12579871518708385
2024-12-01,3380,Taiwan,1413401000,11,2024,2024-11,-0.2015455004064579,-0.2993655926984171
2025-01-01,3380,Taiwan,2444416000,12,2024,2024-12,0.7294568208173051,-0.23547301904236462
2025-02-01,3380,Taiwan,1447372000,1,2025,2025-01,-0.40788638267790756,-0.11404788298399149
2025-03-01,3380,Taiwan,1417063000,2,2025,2025-02,-0.02094071185569435,0.04458876213994811
2025-04-01,3380,Taiwan,1659723000,3,2025,2025-03,0.17124150443558261,-0.24211277600146852
2025-05-01,3380,Taiwan,1583849000,4,2025,2025-04,-0.04571485723822588,-0.1336466505741506
2025-06-01,3380,Taiwan,1956543000,5,2025,2025-05,0.23530904776907402,0.09628492808047051
2025-07-01,3380,Taiwan,2153618000,6,2025,2025-06,0.10072612766496825,0.03960266038739557
2025-08-01,3380,Taiwan,1781219000,7,2025,2025-07,-0.17291785265539195,0.1597391461176303
2025-09-01,3380,Taiwan,1787191000,8,2025,2025-08,0.003352760104175845,0.18708191716820544
2023-08-01,3419,Taiwan,106974000,7,2023,2023-07,,
2023-09-01,3419,Taiwan,93571000,8,2023,2023-08,-0.12529212705891146,
2023-10-01,3419,Taiwan,164964000,9,2023,2023-09,0.7629821205287963,
2023-11-01,3419,Taiwan,113287000,10,2023,2023-10,-0.31326228752940033,
2023-12-01,3419,Taiwan,105273000,11,2023,2023-11,-0.07074068516246346,
2024-01-01,3419,Taiwan,98046000,12,2023,2023-12,-0.06865008121740612,
2024-02-01,3419,Taiwan,118031000,1,2024,2024-01,0.20383289476368227,
2024-03-01,3419,Taiwan,64094000,2,2024,2024-02,-0.4569731680660165,
2024-04-01,3419,Taiwan,146281000,3,2024,2024-03,1.2822885137454363,
2024-05-01,3419,Taiwan,114948000,4,2024,2024-04,-0.2141973325312242,
2024-06-01,3419,Taiwan,153729000,5,2024,2024-05,0.337378640776699,
2024-07-01,3419,Taiwan,132021000,6,2024,2024-06,-0.14120953105790057,
2024-08-01,3419,Taiwan,133112000,7,2024,2024-07,0.00826383681384013,0.24433974610653064
2024-09-01,3419,Taiwan,97021000,8,2024,2024-08,-0.2711325800829377,0.036870397879684935
2024-10-01,3419,Taiwan,123960000,9,2024,2024-09,0.2776615371929789,-0.24856332290681604
2024-11-01,3419,Taiwan,125954000,10,2024,2024-10,0.016085834140045163,0.11181335899088163
2024-12-01,3419,Taiwan,127091000,11,2024,2024-11,0.00902710513362015,0.20725162197334557
2025-01-01,3419,Taiwan,143004000,12,2024,2024-12,0.12520949555830074,0.45853986904106225
2025-02-01,3419,Taiwan,142370000,1,2025,2025-01,-0.004433442421191036,0.206208538434818
2025-03-01,3419,Taiwan,104378000,2,2025,2025-02,-0.2668539720446723,0.6285143695197679
2025-04-01,3419,Taiwan,166529000,3,2025,2025-03,0.5954415681465444,0.1384185232531907
2025-05-01,3419,Taiwan,143598000,4,2025,2025-04,-0.13769973998522778,0.2492431360267251
2025-06-01,3419,Taiwan,160284000,5,2025,2025-05,0.11619938996364843,0.04263997033741185
2025-07-01,3419,Taiwan,167374000,6,2025,2025-06,0.04423398467719797,0.2677831557100765
2025-08-01,3419,Taiwan,160888000,7,2025,2025-07,-0.03875153847073021,0.2086663862010938
2025-09-01,3419,Taiwan,147692000,8,2025,2025-08,-0.08201979016458649,0.5222683748879109
2023-08-01,3450,Taiwan,447756000,7,2023,2023-07,,
2023-09-01,3450,Taiwan,469761000,8,2023,2023-08,0.04914507008281288,
2023-10-01,3450,Taiwan,489071000,9,2023,2023-09,0.041106009225968076,
2023-11-01,3450,Taiwan,499660000,10,2023,2023-10,0.021651253090042122,
2023-12-01,3450,Taiwan,484156000,11,2023,2023-11,-0.03102909978785573,
2024-01-01,3450,Taiwan,454498000,12,2023,2023-12,-0.061257115475177426,
2024-02-01,3450,Taiwan,422954000,1,2024,2024-01,-0.06940404578237969,
2024-03-01,3450,Taiwan,385194000,2,2024,2024-02,-0.08927684807331293,
2024-04-01,3450,Taiwan,477340000,3,2024,2024-03,0.2392197178564568,
2024-05-01,3450,Taiwan,588227000,4,2024,2024-04,0.23230192315749787,
2024-06-01,3450,Taiwan,575706000,5,2024,2024-05,-0.021286000132601846,
2024-07-01,3450,Taiwan,540921000,6,2024,2024-06,-0.06042146512282309,
2024-08-01,3450,Taiwan,644812000,7,2024,2024-07,0.19206316634037135,0.4400968384566595
2024-09-01,3450,Taiwan,658197000,8,2024,2024-08,0.020757988374906278,0.4011316392804001
2024-10-01,3450,Taiwan,797761000,9,2024,2024-09,0.21203986040653477,0.6311762504830587
2024-11-01,3450,Taiwan,864645000,10,2024,2024-10,0.08383964620982987,0.7304667173678101
2024-12-01,3450,Taiwan,786997000,11,2024,2024-11,-0.08980332969021965,0.6255029370698701
2025-01-01,3450,Taiwan,824908000,12,2024,2024-12,0.0481717211120245,0.8149870846516376
2025-02-01,3450,Taiwan,821579000,1,2025,2025-01,-0.0040356015458693495,0.9424783782633572
2025-03-01,3450,Taiwan,958464000,2,2025,2025-02,0.16661209694989765,1.4882630570569635
2025-04-01,3450,Taiwan,977959000,3,2025,2025-03,0.020339835403311968,1.04876817362886
2025-05-01,3450,Taiwan,603299000,4,2025,2025-04,-0.38310399515726123,0.025622761280934103
2025-06-01,3450,Taiwan,640520000,5,2025,2025-05,0.061695776057974605,0.1125817691669011
2025-07-01,3450,Taiwan,605082000,6,2025,2025-06,-0.055326921875975765,0.11861436328040509
2025-08-01,3450,Taiwan,615415000,7,2025,2025-07,0.01707702427109048,-0.045590032443564965
2025-09-01,3450,Taiwan,594962000,8,2025,2025-08,-0.03323448404735019,-0.09607306019322481
2023-08-01,3686,Taiwan,2413000,7,2023,2023-07,,
2023-09-01,3686,Taiwan,4142000,8,2023,2023-08,0.7165354330708662,
2023-10-01,3686,Taiwan,5192000,9,2023,2023-09,0.2535007242877836,
2023-11-01,3686,Taiwan,4505000,10,2023,2023-10,-0.13231895223420642,
2023-12-01,3686,Taiwan,6431000,11,2023,2023-11,0.4275249722530521,
2024-01-01,3686,Taiwan,7708000,12,2023,2023-12,0.19856942932669885,
2024-02-01,3686,Taiwan,6878000,1,2024,2024-01,-0.10768033212247019,
2024-03-01,3686,Taiwan,7761000,2,2024,2024-02,0.12838034312300084,
2024-04-01,3686,Taiwan,7125000,3,2024,2024-03,-0.0819482025512176,
2024-05-01,3686,Taiwan,5071000,4,2024,2024-04,-0.2882807017543859,
2024-06-01,3686,Taiwan,6371000,5,2024,2024-05,0.2563596923683691,
2024-07-01,3686,Taiwan,11909000,6,2024,2024-06,0.8692512949301523,
2024-08-01,3686,Taiwan,6335000,7,2024,2024-07,-0.46804937442270556,1.625362619146291
2024-09-01,3686,Taiwan,4192000,8,2024,2024-08,-0.3382794001578532,0.012071463061323007
2024-10-01,3686,Taiwan,5353000,9,2024,2024-09,0.2769561068702291,0.031009244992295848
2024-11-01,3686,Taiwan,8603000,10,2024,2024-10,0.6071361853166448,0.9096559378468367
2024-12-01,3686,Taiwan,7780000,11,2024,2024-11,-0.09566430315006391,0.2097651998134038
2025-01-01,3686,Taiwan,5161000,12,2024,2024-12,-0.33663239074550133,-0.3304359107420861
2025-02-01,3686,Taiwan,7168000,1,2025,2025-01,0.3888781243944972,0.04216341959872061
2025-03-01,3686,Taiwan,6942000,2,2025,2025-02,-0.031529017857142905,-0.10552763819095479
2025-04-01,3686,Taiwan,4723000,3,2025,2025-03,-0.3196485162777297,-0.3371228070175438
2025-05-01,3686,Taiwan,5746000,4,2025,2025-04,0.21659961888630108,0.13310984026819161
2025-06-01,3686,Taiwan,7060000,5,2025,2025-05,0.22868082144100255,0.10814628786689684
2025-07-01,3686,Taiwan,8053000,6,2025,2025-06,0.14065155807365448,-0.3237887312116886
2025-08-01,3686,Taiwan,7992000,7,2025,2025-07,-0.007574816838445297,0.2615627466456196
2025-09-01,3686,Taiwan,7004000,8,2025,2025-08,-0.12362362362362367,0.6708015267175573
2023-08-01,3711,Taiwan,48353336000,7,2023,2023-07,,
2023-09-01,3711,Taiwan,52278801000,8,2023,2023-08,0.08118291982997827,
2023-10-01,3711,Taiwan,53534708000,9,2023,2023-09,0.024023255621336892,
2023-11-01,3711,Taiwan,56166613000,10,2023,2023-10,0.049162591864702065,
2023-12-01,3711,Taiwan,54509085000,11,2023,2023-11,-0.029510912470367412,
2024-01-01,3711,Taiwan,49905503000,12,2023,2023-12,-0.084455316026677,
2024-02-01,3711,Taiwan,47390354000,1,2024,2024-01,-0.050398229630107094,
2024-03-01,3711,Taiwan,39751076000,2,2024,2024-02,-0.16119900686962585,
2024-04-01,3711,Taiwan,45661425000,3,2024,2024-03,0.1486840004029073,
2024-05-01,3711,Taiwan,45819887000,4,2024,2024-04,0.003470369135435414,
2024-06-01,3711,Taiwan,47492772000,5,2024,2024-05,0.0365100202014903,
2024-07-01,3711,Taiwan,46925404000,6,2024,2024-06,-0.011946407339626375,
2024-08-01,3711,Taiwan,51595954000,7,2024,2024-07,0.09953137537185608,0.06706089523998915
2024-09-01,3711,Taiwan,52929761000,8,2024,2024-08,0.025850999867160107,0.012451701025048445
2024-10-01,3711,Taiwan,55579391000,9,2024,2024-09,0.05005936074413797,0.03819359582572113
2024-11-01,3711,Taiwan,56425583000,10,2024,2024-10,0.015224923929087364,0.004610746245282682
2024-12-01,3711,Taiwan,52933333000,11,2024,2024-11,-0.061891252412934805,-0.02890806183959982
2025-01-01,3711,Taiwan,52904645000,12,2024,2024-12,-0.0005419647389292015,0.060096418625416925
2025-02-01,3711,Taiwan,49444261000,1,2025,2025-01,-0.06540794291314123,0.04334019112834642
2025-03-01,3711,Taiwan,44960788000,2,2025,2025-02,-0.09067731844551186,0.13105838946347004
2025-04-01,3711,Taiwan,53748213000,3,2025,2025-03,0.19544641877717983,0.177103277000225
2025-05-01,3711,Taiwan,52210767000,4,2025,2025-04,-0.028604597514711783,0.1394783012013976
2025-06-01,3711,Taiwan,49026935000,5,2025,2025-05,-0.06098037211366769,0.032303083930329546
2025-07-01,3711,Taiwan,49512621000,6,2025,2025-06,0.009906513633781033,0.05513467715696163
2025-08-01,3711,Taiwan,51542033000,7,2025,2025-07,0.040987771582522425,-0.001045062564401844
2025-09-01,3711,Taiwan,56465628000,8,2025,2025-08,0.0955258206442886,0.06680300332359335
2023-08-01,4536,Taiwan,595104000,7,2023,2023-07,,
2023-09-01,4536,Taiwan,744020000,8,2023,2023-08,0.25023525299779537,
2023-10-01,4536,Taiwan,648076000,9,2023,2023-09,-0.12895352275476468,
2023-11-01,4536,Taiwan,616617000,10,2023,2023-10,-0.048542146291484345,
2023-12-01,4536,Taiwan,617024000,11,2023,2023-11,0.0006600531610383431,
2024-01-01,4536,Taiwan,785714000,12,2023,2023-12,0.2733929312312,
2024-02-01,4536,Taiwan,789333000,1,2024,2024-01,0.004606001674909654,
2024-03-01,4536,Taiwan,469058000,2,2024,2024-02,-0.4057539720244814,
2024-04-01,4536,Taiwan,641574000,3,2024,2024-03,0.36779246916159614,
2024-05-01,4536,Taiwan,805099000,4,2024,2024-04,0.2548809646276189,
2024-06-01,4536,Taiwan,780115000,5,2024,2024-05,-0.03103220846131971,
2024-07-01,4536,Taiwan,736218000,6,2024,2024-06,-0.05626990892368433,
2024-08-01,4536,Taiwan,866103000,7,2024,2024-07,0.17642192937418,0.45538090821100186
2024-09-01,4536,Taiwan,862435000,8,2024,2024-08,-0.004235062111550225,0.15915566785839097
2024-10-01,4536,Taiwan,871566000,9,2024,2024-09,0.010587464562546778,0.34485152975885547
2024-11-01,4536,Taiwan,895765000,10,2024,2024-10,0.02776496559067243,0.45270889385145074
2024-12-01,4536,Taiwan,840724000,11,2024,2024-11,-0.06144580330778715,0.36254667565605225
2025-01-01,4536,Taiwan,920125000,12,2024,2024-12,0.09444359861262441,0.17106860766131193
2025-02-01,4536,Taiwan,773886000,1,2025,2025-01,-0.15893384051080017,-0.019569687318280127
2025-03-01,4536,Taiwan,699845000,2,2025,2025-02,-0.09567429828165908,0.49202230854180073
2025-04-01,4536,Taiwan,927946000,3,2025,2025-03,0.32593074180711445,0.44635848709579884
2025-05-01,4536,Taiwan,1039776000,4,2025,2025-04,0.12051347815497881,0.29148837596370125
2025-06-01,4536,Taiwan,664580000,5,2025,2025-05,-0.36084310466869784,-0.14809995962133793
2025-07-01,4536,Taiwan,809936000,6,2025,2025-06,0.21871858918414633,0.10013066781849944
2025-08-01,4536,Taiwan,849735000,7,2025,2025-07,0.049138450445467274,-0.01889844510410421
2025-09-01,4536,Taiwan,805842000,8,2025,2025-08,-0.05165492771275748,-0.06562001774046744
2023-08-01,4722,Taiwan,283147000,7,2023,2023-07,,
2023-09-01,4722,Taiwan,322336000,8,2023,2023-08,0.13840513937989818,
2023-10-01,4722,Taiwan,293932000,9,2023,2023-09,-0.08811922962374663,
2023-11-01,4722,Taiwan,278809000,10,2023,2023-10,-0.05145067566648065,
2023-12-01,4722,Taiwan,347203000,11,2023,2023-11,0.2453077196216764,
2024-01-01,4722,Taiwan,326748000,12,2023,2023-12,-0.05891366146029842,
2024-02-01,4722,Taiwan,331008000,1,2024,2024-01,0.013037570237614204,
2024-03-01,4722,Taiwan,248615000,2,2024,2024-02,-0.24891543406805883,
2024-04-01,4722,Taiwan,328878000,3,2024,2024-03,0.32284053657261236,
2024-05-01,4722,Taiwan,377369000,4,2024,2024-04,0.14744373293440116,
2024-06-01,4722,Taiwan,383756000,5,2024,2024-05,0.01692507863656001,
2024-07-01,4722,Taiwan,346281000,6,2024,2024-06,-0.09765319630181679,
2024-08-01,4722,Taiwan,343264000,7,2024,2024-07,-0.00871257735769504,0.2123172768915087
2024-09-01,4722,Taiwan,397247000,8,2024,2024-08,0.15726379696093962,0.23240035242728085
2024-10-01,4722,Taiwan,318145000,9,2024,2024-09,-0.19912548112383477,0.08237619585482348
2024-11-01,4722,Taiwan,295922000,10,2024,2024-10,-0.06985179713652578,0.06137893683489404
2024-12-01,4722,Taiwan,294626000,11,2024,2024-11,-0.00437953244436029,-0.15143014317272607
2025-01-01,4722,Taiwan,375523000,12,2024,2024-12,0.274575224182523,0.14927405829568974
2025-02-01,4722,Taiwan,275111000,1,2025,2025-01,-0.267392410052114,-0.16886903035576184
2025-03-01,4722,Taiwan,287888000,2,2025,2025-02,0.04644307206909204,0.1579671379442109
2025-04-01,4722,Taiwan,353815000,3,2025,2025-03,0.22900225087534043,0.07582446986420499
2025-05-01,4722,Taiwan,370650000,4,2025,2025-04,0.04758136314175476,-0.017804854134812365
2025-06-01,4722,Taiwan,316735000,5,2025,2025-05,-0.14546067718872246,-0.17464482640010837
2025-07-01,4722,Taiwan,285664000,6,2025,2025-06,-0.09809777890034255,-0.17505147553576428
2025-08-01,4722,Taiwan,347993000,7,2025,2025-07,0.2181899014226505,0.013776568472079864
2025-09-01,4722,Taiwan,330643000,8,2025,2025-08,-0.049857324716301776,-0.16766394711602606
2023-08-01,4755,Taiwan,371504000,7,2023,2023-07,,
2023-09-01,4755,Taiwan,426980000,8,2023,2023-08,0.14932813643998455,
2023-10-01,4755,Taiwan,416795000,9,2023,2023-09,-0.023853576279919464,
2023-11-01,4755,Taiwan,419200000,10,2023,2023-10,0.005770222771386502,
2023-12-01,4755,Taiwan,386904000,11,2023,2023-11,-0.07704198473282442,
2024-01-01,4755,Taiwan,509355000,12,2023,2023-12,0.3164893617021276,
2024-02-01,4755,Taiwan,414681000,1,2024,2024-01,-0.18587036546220215,
2024-03-01,4755,Taiwan,353728000,2,2024,2024-02,-0.14698768450929756,
2024-04-01,4755,Taiwan,363554000,3,2024,2024-03,0.02777840600687531,
2024-05-01,4755,Taiwan,416330000,4,2024,2024-04,0.14516688029838765,
2024-06-01,4755,Taiwan,379688000,5,2024,2024-05,-0.08801191362620997,
2024-07-01,4755,Taiwan,405893000,6,2024,2024-06,0.06901719306377863,
2024-08-01,4755,Taiwan,429085000,7,2024,2024-07,0.05713821130199337,0.15499429346655758
2024-09-01,4755,Taiwan,454210000,8,2024,2024-08,0.05855483179323451,0.06377347885146856
2024-10-01,4755,Taiwan,351865000,9,2024,2024-09,-0.22532529006406732,-0.15578401852229518
2024-11-01,4755,Taiwan,407258000,10,2024,2024-10,0.15742685404913814,-0.028487595419847356
2024-12-01,4755,Taiwan,933046000,11,2024,2024-11,1.291044006502021,1.4115697950912889
2025-01-01,4755,Taiwan,414255000,12,2024,2024-12,-0.5560186743204515,-0.18670671731896227
2025-02-01,4755,Taiwan,349020000,1,2025,2025-01,-0.15747546800883516,-0.15834098982109135
2025-03-01,4755,Taiwan,395832000,2,2025,2025-02,0.13412411896166399,0.11902931065677591
2025-04-01,4755,Taiwan,416458000,3,2025,2025-03,0.0521079649952505,0.14551896004444997
2025-05-01,4755,Taiwan,448882000,4,2025,2025-04,0.07785659058056282,0.07818797588451476
2025-06-01,4755,Taiwan,398954000,5,2025,2025-05,-0.11122744953016606,0.05074166157476667
2025-07-01,4755,Taiwan,401634000,6,2025,2025-06,0.006717566436230671,-0.010492913156915695
2025-08-01,4755,Taiwan,361153000,7,2025,2025-07,-0.10079076970575196,-0.15831828192549258
2025-09-01,4755,Taiwan,401193000,8,2025,2025-08,0.11086713941182813,-0.11672354197397683
2023-08-01,5469,Taiwan,3968161000,7,2023,2023-07,,
2023-09-01,5469,Taiwan,3960273000,8,2023,2023-08,-0.001987822570707176,
2023-10-01,5469,Taiwan,3839037000,9,2023,2023-09,-0.030613041070653435,
2023-11-01,5469,Taiwan,3610562000,10,2023,2023-10,-0.05951362281738881,
2023-12-01,5469,Taiwan,3407928000,11,2023,2023-11,-0.05612256485278466,
2024-01-01,5469,Taiwan,3066224000,12,2023,2023-12,-0.10026737654081896,
2024-02-01,5469,Taiwan,3454801000,1,2024,2024-01,0.1267281842422472,
2024-03-01,5469,Taiwan,2609941000,2,2024,2024-02,-0.24454664682567828,
2024-04-01,5469,Taiwan,3181410000,3,2024,2024-03,0.2189585894853563,
2024-05-01,5469,Taiwan,3387305000,4,2024,2024-04,0.06471815955818339,
2024-06-01,5469,Taiwan,3521526000,5,2024,2024-05,0.039624716404339067,
2024-07-01,5469,Taiwan,3491899000,6,2024,2024-06,-0.008413114087472251,
2024-08-01,5469,Taiwan,3967379000,7,2024,2024-07,0.136166595883787,-0.00019706861692359023
2024-09-01,5469,Taiwan,4006952000,8,2024,2024-08,0.009974595318470891,0.011786813686834208
2024-10-01,5469,Taiwan,3833666000,9,2024,2024-09,-0.04324633786479104,-0.0013990487718664735
2024-11-01,5469,Taiwan,3404230000,10,2024,2024-10,-0.1120170614758823,-0.05714678213530189
2024-12-01,5469,Taiwan,3346116000,11,2024,2024-11,-0.01707111446641385,-0.018137707134657788
2025-01-01,5469,Taiwan,3426807000,12,2024,2024-12,0.024114824471118235,0.1175983881151541
2025-02-01,5469,Taiwan,3458247000,1,2025,2025-01,0.009174721541073128,0.0009974525305509463
2025-03-01,5469,Taiwan,3315505000,2,2025,2025-02,-0.04127582558446519,0.27033714555233246
2025-04-01,5469,Taiwan,3795180000,3,2025,2025-03,0.14467630119695185,0.19292389223646111
2025-05-01,5469,Taiwan,5098381000,4,2025,2025-04,0.34338318604124174,0.5051437647333203
2025-06-01,5469,Taiwan,5397393000,5,2025,2025-05,0.05864842192060582,0.5326858299498569
2025-07-01,5469,Taiwan,5067701000,6,2025,2025-06,-0.061083563861293766,0.45127364794915326
2025-08-01,5469,Taiwan,5310317000,7,2025,2025-07,0.0478749634202964,0.33849501144206284
2025-09-01,5469,Taiwan,5176127000,8,2025,2025-08,-0.025269677874221075,0.2917866248460177
2023-08-01,6116,Taiwan,1099426000,7,2023,2023-07,,
2023-09-01,6116,Taiwan,1137458000,8,2023,2023-08,0.03459259650035573,
2023-10-01,6116,Taiwan,1027036000,9,2023,2023-09,-0.09707787012795199,
2023-11-01,6116,Taiwan,1043028000,10,2023,2023-10,0.015571021853177491,
2023-12-01,6116,Taiwan,1021030000,11,2023,2023-11,-0.021090517224849226,
2024-01-01,6116,Taiwan,933390000,12,2023,2023-12,-0.08583489221668317,
2024-02-01,6116,Taiwan,978023000,1,2024,2024-01,0.04781816818264595,
2024-03-01,6116,Taiwan,756198000,2,2024,2024-02,-0.22680959445739002,
2024-04-01,6116,Taiwan,802309000,3,2024,2024-03,0.06097741596777562,
2024-05-01,6116,Taiwan,713009000,4,2024,2024-04,-0.11130374955285305,
2024-06-01,6116,Taiwan,872846000,5,2024,2024-05,0.2241724859012999,
2024-07-01,6116,Taiwan,590872000,6,2024,2024-06,-0.3230512599015176,
2024-08-01,6116,Taiwan,778066000,7,2024,2024-07,0.31680973205702756,-0.2922979809464211
2024-09-01,6116,Taiwan,625022000,8,2024,2024-08,-0.19669796649641547,-0.450509821021963
2024-10-01,6116,Taiwan,983993000,9,2024,2024-09,0.574333383464902,-0.04190992331330157
2024-11-01,6116,Taiwan,1030378000,10,2024,2024-10,0.047139562984696015,-0.012128149963375856
2024-12-01,6116,Taiwan,854267000,11,2024,2024-11,-0.17091882784764423,-0.16332820779017265
2025-01-01,6116,Taiwan,979501000,12,2024,2024-12,0.14659819470961666,0.04940164347164644
2025-02-01,6116,Taiwan,942638000,1,2025,2025-01,-0.03763446897961309,-0.036180130733121874
2025-03-01,6116,Taiwan,955211000,2,2025,2025-02,0.013338100097810557,0.263175782004184
2025-04-01,6116,Taiwan,1001884000,3,2025,2025-03,0.04886145574119216,0.24875079302363545
2025-05-01,6116,Taiwan,1006010000,4,2025,2025-04,0.004118241233516118,0.4109359068398857
2025-06-01,6116,Taiwan,1068558000,5,2025,2025-05,0.062174332263098764,0.22422282968587814
2025-07-01,6116,Taiwan,926988000,6,2025,2025-06,-0.1324869590607155,0.5688473984213163
2025-08-01,6116,Taiwan,900233000,7,2025,2025-07,-0.028862293794525873,0.15701367236198482
2025-09-01,6116,Taiwan,864874000,8,2025,2025-08,-0.03927760924116308,0.3837496920108412
2023-08-01,6515,Taiwan,264586000,7,2023,2023-07,,
2023-09-01,6515,Taiwan,342597000,8,2023,2023-08,0.29484175277603497,
2023-10-01,6515,Taiwan,377045000,9,2023,2023-09,0.10054962536157652,
2023-11-01,6515,Taiwan,256178000,10,2023,2023-10,-0.3205638584253869,
2023-12-01,6515,Taiwan,244877000,11,2023,2023-11,-0.04411385833287795,
2024-01-01,6515,Taiwan,171954000,12,2023,2023-12,-0.29779440290431525,
2024-02-01,6515,Taiwan,367704000,1,2024,2024-01,1.138385847377787,
2024-03-01,6515,Taiwan,312333000,2,2024,2024-02,-0.1505857972717185,
2024-04-01,6515,Taiwan,393041000,3,2024,2024-03,0.2584036909324343,
2024-05-01,6515,Taiwan,469820000,4,2024,2024-04,0.19534603260219674,
2024-06-01,6515,Taiwan,355932000,5,2024,2024-05,-0.24240773062023757,
2024-07-01,6515,Taiwan,429914000,6,2024,2024-06,0.20785430925008153,
2024-08-01,6515,Taiwan,593965000,7,2024,2024-07,0.38159027154268066,1.2448844610070071
2024-09-01,6515,Taiwan,625010000,8,2024,2024-08,0.052267389492646865,0.8243300437540317
2024-10-01,6515,Taiwan,711340000,9,2024,2024-09,0.13812578998736025,0.8866183081595036
2024-11-01,6515,Taiwan,648059000,10,2024,2024-10,-0.08896027216239777,1.5297215217544053
2024-12-01,6515,Taiwan,435611000,11,2024,2024-11,-0.32782200386075955,0.7788971606153294
2025-01-01,6515,Taiwan,455367000,12,2024,2024-12,0.04535239009115921,1.648190795212673
2025-02-01,6515,Taiwan,668037000,1,2025,2025-01,0.4670298901764951,0.8167792572286405
2025-03-01,6515,Taiwan,907369000,2,2025,2025-02,0.3582615932949822,1.9051333032372502
2025-04-01,6515,Taiwan,721901000,3,2025,2025-03,-0.20440195774817083,0.836706603127918
2025-05-01,6515,Taiwan,657442000,4,2025,2025-04,-0.08929063680476967,0.3993486867310885
2025-06-01,6515,Taiwan,488403000,5,2025,2025-05,-0.2571162170959568,0.37218064124608063
2025-07-01,6515,Taiwan,376444000,6,2025,2025-06,-0.22923487365966222,-0.12437371195169267
2025-08-01,6515,Taiwan,626187000,7,2025,2025-07,0.6634266982605646,0.054248987734967447
2025-09-01,6515,Taiwan,511648000,8,2025,2025-08,-0.18291500781715364,-0.18137629797923238
2023-08-01,6719,Taiwan,221148000,7,2023,2023-07,,
2023-09-01,6719,Taiwan,244331000,8,2023,2023-08,0.10483024942572405,
2023-10-01,6719,Taiwan,256419000,9,2023,2023-09,0.049473869463964926,
2023-11-01,6719,Taiwan,249858000,10,2023,2023-10,-0.025587027482362856,
2023-12-01,6719,Taiwan,270056000,11,2023,2023-11,0.08083791593625178,
2024-01-01,6719,Taiwan,285909000,12,2023,2023-12,0.05870263945255805,
2024-02-01,6719,Taiwan,337195000,1,2024,2024-01,0.17937875337957188,
2024-03-01,6719,Taiwan,234966000,2,2024,2024-02,-0.3031747208588502,
2024-04-01,6719,Taiwan,274109000,3,2024,2024-03,0.16659005983844466,
2024-05-01,6719,Taiwan,274296000,4,2024,2024-04,0.0006822103615715669,
2024-06-01,6719,Taiwan,309974000,5,2024,2024-05,0.13007116399801677,
2024-07-01,6719,Taiwan,337480000,6,2024,2024-06,0.08873647467206935,
2024-08-01,6719,Taiwan,323981000,7,2024,2024-07,-0.03999940737228869,0.46499629207589477
2024-09-01,6719,Taiwan,333221000,8,2024,2024-08,0.028520190998854833,0.3638097498884709
2024-10-01,6719,Taiwan,337358000,9,2024,2024-09,0.012415183916979933,0.3156513362894324
2024-11-01,6719,Taiwan,331517000,10,2024,2024-10,-0.01731395135138336,0.3268216346885031
2024-12-01,6719,Taiwan,302507000,11,2024,2024-11,-0.08750682468772342,0.12016396599223866
2025-01-01,6719,Taiwan,301359000,12,2024,2024-12,-0.0037949535052081984,0.05403817298511071
2025-02-01,6719,Taiwan,340882000,1,2025,2025-01,0.13114922733351242,0.010934325835199266
2025-03-01,6719,Taiwan,247172000,2,2025,2025-02,-0.2749045124119197,0.05194794140428827
2025-04-01,6719,Taiwan,390989000,3,2025,2025-03,0.5818498859094072,0.4263997169009408
2025-05-01,6719,Taiwan,435917000,4,2025,2025-04,0.11490860356685229,0.589221133374165
2025-06-01,6719,Taiwan,405930000,5,2025,2025-05,-0.06879061839753897,0.3095614470891106
2025-07-01,6719,Taiwan,385338000,6,2025,2025-06,-0.05072795802231911,0.14180988503022407
2025-08-01,6719,Taiwan,359697000,7,2025,2025-07,-0.0665415816763465,0.11024103265314933
2025-09-01,6719,Taiwan,420800000,8,2025,2025-08,0.16987353244536374,0.2628255722178374
2023-08-01,6768,Taiwan,968200000,7,2023,2023-07,,
2023-09-01,6768,Taiwan,952886000,8,2023,2023-08,-0.015816979962817612,
2023-10-01,6768,Taiwan,1029974000,9,2023,2023-09,0.0808994989956826,
2023-11-01,6768,Taiwan,1296096000,10,2023,2023-10,0.25837739593426634,
2023-12-01,6768,Taiwan,1519789000,11,2023,2023-11,0.17258983902426972,
2024-01-01,6768,Taiwan,1211368000,12,2023,2023-12,-0.20293672345305824,
2024-02-01,6768,Taiwan,1197351000,1,2024,2024-01,-0.011571215353220476,
2024-03-01,6768,Taiwan,1013913000,2,2024,2024-02,-0.1532031960552921,
2024-04-01,6768,Taiwan,1793213000,3,2024,2024-03,0.7686063794428122,
2024-05-01,6768,Taiwan,1714492000,4,2024,2024-04,-0.043899414068490517,
2024-06-01,6768,Taiwan,1710291000,5,2024,2024-05,-0.0024502884819527226,
2024-07-01,6768,Taiwan,1510945000,6,2024,2024-06,-0.11655677308715295,
2024-08-01,6768,Taiwan,1404725000,7,2024,2024-07,-0.07030037493092067,0.45086242511877717
2024-09-01,6768,Taiwan,1587600000,8,2024,2024-08,0.13018562352061802,0.6660964690424669
2024-10-01,6768,Taiwan,1299184000,9,2024,2024-09,-0.1816679264298312,0.26137552986774426
2024-11-01,6768,Taiwan,2094031000,10,2024,2024-10,0.6118047943940197,0.6156449830876725
2024-12-01,6768,Taiwan,1680011000,11,2024,2024-11,-0.19771436048463464,0.10542384502059177
2025-01-01,6768,Taiwan,1430653000,12,2024,2024-12,-0.14842640911279747,0.18102261245137719
2025-02-01,6768,Taiwan,1645510000,1,2025,2025-01,0.15018107116121104,0.3742920831067915
2025-03-01,6768,Taiwan,1840160000,2,2025,2025-02,0.11829159348773333,0.8149091687353847
2025-04-01,6768,Taiwan,2522116000,3,2025,2025-03,0.37059603512738026,0.40647876186487597
2025-05-01,6768,Taiwan,2006147000,4,2025,2025-04,-0.20457782274883474,0.17011161323587398
2025-06-01,6768,Taiwan,1856598000,5,2025,2025-05,-0.07454538475994033,0.08554509144934985
2025-07-01,6768,Taiwan,1410523000,6,2025,2025-06,-0.24026472074191618,-0.06646304134167691
2025-08-01,6768,Taiwan,1361442000,7,2025,2025-07,-0.03479631314058684,-0.030812436597910664
2025-09-01,6768,Taiwan,1122141000,8,2025,2025-08,-0.17577024948547204,-0.29318405139833714
2023-08-01,6770,Taiwan,3430420000,7,2023,2023-07,,
2023-09-01,6770,Taiwan,3471465000,8,2023,2023-08,0.011965007200284594,
2023-10-01,6770,Taiwan,3500564000,9,2023,2023-09,0.008382340020711698,
2023-11-01,6770,Taiwan,3846930000,10,2023,2023-10,0.09894576988165338,
2023-12-01,6770,Taiwan,3886333000,11,2023,2023-11,0.010242713020512495,
2024-01-01,6770,Taiwan,3428203000,12,2023,2023-12,-0.1178823327800268,
2024-02-01,6770,Taiwan,3570405000,1,2024,2024-01,0.0414800407093745,
2024-03-01,6770,Taiwan,3571561000,2,2024,2024-02,0.0003237727932825507,
2024-04-01,6770,Taiwan,3678080000,3,2024,2024-03,0.029824214118140402,
2024-05-01,6770,Taiwan,3678495000,4,2024,2024-04,0.00011283060727329541,
2024-06-01,6770,Taiwan,3725291000,5,2024,2024-05,0.012721507029369361,
2024-07-01,6770,Taiwan,3719438000,6,2024,2024-06,-0.0015711524280922484,
2024-08-01,6770,Taiwan,3803408000,7,2024,2024-07,0.022575991319118582,0.10872954332122586
2024-09-01,6770,Taiwan,3947164000,8,2024,2024-08,0.037796628707727375,0.13703119576317202
2024-10-01,6770,Taiwan,3900201000,9,2024,2024-09,-0.0118979094864059,0.11416360335077425
2024-11-01,6770,Taiwan,3913891000,10,2024,2024-10,0.0035100755063648403,0.017406347399094857
2024-12-01,6770,Taiwan,3716260000,11,2024,2024-11,-0.050494763395301456,-0.043761818660418395
2025-01-01,6770,Taiwan,3501515000,12,2024,2024-12,-0.05778524645745997,0.021384964659327377
2025-02-01,6770,Taiwan,3657160000,1,2025,2025-01,0.04445075917138719,0.024298363911096965
2025-03-01,6770,Taiwan,3769948000,2,2025,2025-02,0.030840324185980483,0.05554630034318331
2025-04-01,6770,Taiwan,3689367000,3,2025,2025-03,-0.02137456537862059,0.0030687206368540387
2025-05-01,6770,Taiwan,3809252000,4,2025,2025-04,0.03249473419152937,0.035546330768425616
2025-06-01,6770,Taiwan,3632314000,5,2025,2025-05,-0.046449539174620136,-0.024958318692418935
2025-07-01,6770,Taiwan,3836402000,6,2025,2025-06,0.05618677239908232,0.031446686300457216
2025-08-01,6770,Taiwan,3910411000,7,2025,2025-07,0.019291252585104557,0.028133452945358517
2025-09-01,6770,Taiwan,3977940000,8,2025,2025-08,0.017269028754266502,0.0077969904468120355
2023-08-01,8046,Taiwan,3333511000,7,2023,2023-07,,
2023-09-01,8046,Taiwan,3374154000,8,2023,2023-08,0.012192250153066908,
2023-10-01,8046,Taiwan,3519719000,9,2023,2023-09,0.04314118442726689,
2023-11-01,8046,Taiwan,3600237000,10,2023,2023-10,0.02287625801946125,
2023-12-01,8046,Taiwan,3034064000,11,2023,2023-11,-0.15725992483272633,
2024-01-01,8046,Taiwan,2676593000,12,2023,2023-12,-0.11781920223172615,
2024-02-01,8046,Taiwan,2561593000,1,2024,2024-01,-0.042965067905355814,
2024-03-01,8046,Taiwan,1872631000,2,2024,2024-02,-0.26895841767212825,
2024-04-01,8046,Taiwan,2666348000,3,2024,2024-03,0.42385125526598677,
2024-05-01,8046,Taiwan,2676047000,4,2024,2024-04,0.003637559688382863,
2024-06-01,8046,Taiwan,2699432000,5,2024,2024-05,0.00873863575639744,
2024-07-01,8046,Taiwan,2745127000,6,2024,2024-06,0.016927635146949394,
2024-08-01,8046,Taiwan,3125412000,7,2024,2024-07,0.13853093135581696,-0.06242637267433648
2024-09-01,8046,Taiwan,3097645000,8,2024,2024-08,-0.008884268698014841,-0.08194913450897623
2024-10-01,8046,Taiwan,2968814000,9,2024,2024-09,-0.04158998206702191,-0.15651959716102337
2024-11-01,8046,Taiwan,2616078000,10,2024,2024-10,-0.11881377546724048,-0.2733595038326644
2024-12-01,8046,Taiwan,2577203000,11,2024,2024-11,-0.01486003093179944,-0.15057724556897945
2025-01-01,8046,Taiwan,2677001000,12,2024,2024-12,0.038723375690622674,0.00015243258874253485
2025-02-01,8046,Taiwan,2566125000,1,2025,2025-01,-0.041417989757941864,0.0017692115804501807
2025-03-01,8046,Taiwan,2805847000,2,2025,2025-02,0.09341789663403,0.4983448420964942
2025-04-01,8046,Taiwan,3086060000,3,2025,2025-03,0.09986752663277798,0.15741081059186568
2025-05-01,8046,Taiwan,3191344000,4,2025,2025-04,0.0341159925600929,0.19255902456122787
2025-06-01,8046,Taiwan,3269216000,5,2025,2025-05,0.024401004717761632,0.21107551514540845
2025-07-01,8046,Taiwan,3122359000,6,2025,2025-06,-0.044921167643863225,0.1374187788033121
2025-08-01,8046,Taiwan,3620679000,7,2025,2025-07,0.15959727885230368,0.15846454803398724
2025-09-01,8046,Taiwan,3807312000,8,2025,2025-08,0.051546408836574686,0.2290988799555791
2023-08-01,8105,Taiwan,722831000,7,2023,2023-07,,
2023-09-01,8105,Taiwan,731544000,8,2023,2023-08,0.012053993257068463,
2023-10-01,8105,Taiwan,706549000,9,2023,2023-09,-0.03416745951029598,
2023-11-01,8105,Taiwan,746630000,10,2023,2023-10,0.056727841947267654,
2023-12-01,8105,Taiwan,752174000,11,2023,2023-11,0.007425364638442122,
2024-01-01,8105,Taiwan,681295000,12,2023,2023-12,-0.09423218563789759,
2024-02-01,8105,Taiwan,718466000,1,2024,2024-01,0.05455933186064765,
2024-03-01,8105,Taiwan,634445000,2,2024,2024-02,-0.11694499113388801,
2024-04-01,8105,Taiwan,642754000,3,2024,2024-03,0.013096485905003563,
2024-05-01,8105,Taiwan,578711000,4,2024,2024-04,-0.09963843087713187,
2024-06-01,8105,Taiwan,647971000,5,2024,2024-05,0.1196797710774462,
2024-07-01,8105,Taiwan,678858000,6,2024,2024-06,0.04766725671364913,
2024-08-01,8105,Taiwan,875489000,7,2024,2024-07,0.2896496763682537,0.21119459458711654
2024-09-01,8105,Taiwan,766422000,8,2024,2024-08,-0.12457837848333908,0.047677241560316164
2024-10-01,8105,Taiwan,819432000,9,2024,2024-09,0.06916555109326183,0.1597666970019065
2024-11-01,8105,Taiwan,845820000,10,2024,2024-10,0.03220279413056848,0.1328502738973789
2024-12-01,8105,Taiwan,766827000,11,2024,2024-11,-0.09339221110874651,0.019480864799900077
2025-01-01,8105,Taiwan,791931000,12,2024,2024-12,0.03273750141818166,0.16239074116205177
2025-02-01,8105,Taiwan,648671000,1,2025,2025-01,-0.18089959857613858,-0.09714447169385887
2025-03-01,8105,Taiwan,696858000,2,2025,2025-02,0.07428573190415477,0.09837416954976397
2025-04-01,8105,Taiwan,701949000,3,2025,2025-03,0.007305649070542319,0.09209588738459806
2025-05-01,8105,Taiwan,721009000,4,2025,2025-04,0.027152969802649585,0.24588784384606477
2025-06-01,8105,Taiwan,763210000,5,2025,2025-05,0.05853047604121442,0.17784592211688488
2025-07-01,8105,Taiwan,746928000,6,2025,2025-06,-0.021333577914335544,0.10027133804123989
2025-08-01,8105,Taiwan,634016000,7,2025,2025-07,-0.15116851958957223,-0.2758150016733506
2025-09-01,8105,Taiwan,789452000,8,2025,2025-08,0.24516100540049468,0.03004871989582769
2023-08-01,9955,Taiwan,90561000,7,2023,2023-07,,
2023-09-01,9955,Taiwan,82315000,8,2023,2023-08,-0.09105464824814213,
2023-10-01,9955,Taiwan,89272000,9,2023,2023-09,0.08451679523780609,
2023-11-01,9955,Taiwan,99903000,10,2023,2023-10,0.11908549153149917,
2023-12-01,9955,Taiwan,86398000,11,2023,2023-11,-0.1351811256919212,
2024-01-01,9955,Taiwan,89234000,12,2023,2023-12,0.03282483390819224,
2024-02-01,9955,Taiwan,124524000,1,2024,2024-01,0.3954770603133335,
2024-03-01,9955,Taiwan,76868000,2,2024,2024-02,-0.3827053419421156,
2024-04-01,9955,Taiwan,71496000,3,2024,2024-03,-0.06988603840349694,
2024-05-01,9955,Taiwan,166772000,4,2024,2024-04,1.3326060199171983,
2024-06-01,9955,Taiwan,101092000,5,2024,2024-05,-0.39383109874559274,
2024-07-01,9955,Taiwan,84358000,6,2024,2024-06,-0.16553238634115464,
2024-08-01,9955,Taiwan,103667000,7,2024,2024-07,0.228893525213969,0.1447201333907533
2024-09-01,9955,Taiwan,96834000,8,2024,2024-08,-0.06591297134092822,0.17638340521168683
2024-10-01,9955,Taiwan,88398000,9,2024,2024-09,-0.08711816097651648,-0.009790303790662258
2024-11-01,9955,Taiwan,98950000,10,2024,2024-10,0.11936921649811083,-0.0095392530754832
2024-12-01,9955,Taiwan,85361000,11,2024,2024-11,-0.13733198585144013,-0.012002592652607724
2025-01-01,9955,Taiwan,97140000,12,2024,2024-12,0.13799041716943328,0.08859851626061821
2025-02-01,9955,Taiwan,81744000,1,2025,2025-01,-0.1584928968499073,-0.34354823166618487
2025-03-01,9955,Taiwan,69106000,2,2025,2025-02,-0.15460461929927583,-0.10097830046313161
2025-04-01,9955,Taiwan,122827000,3,2025,2025-03,0.7773709952826093,0.7179562493006602
2025-05-01,9955,Taiwan,127736000,4,2025,2025-04,0.039966782547811164,-0.23406806898040433
2025-06-01,9955,Taiwan,130650000,5,2025,2025-05,0.022812676144548183,0.29238713251295856
2025-07-01,9955,Taiwan,162889000,6,2025,2025-06,0.24675851511672398,0.9309253419948316
2025-08-01,9955,Taiwan,117399000,7,2025,2025-07,-0.2792699322851758,0.13246259658329063
2025-09-01,9955,Taiwan,128509000,8,2025,2025-08,0.09463453692109813,0.32710618171303474
