date,stock_id,-,BadDebts,ComprehensiveIncomeConsolidatedNetIncomeAttributedNonControllingInterest,CostOfGoodsSold,EPS,EquityAttributableToOwnersOfParent,Expense,GrossProfit,Income,IncomeAfterTax,IncomeAfterTaxes,IncomeBeforeTaxFromContinuingOperations,IncomeFromContinuingOperations,IncomeLossFromDiscontinuedOperation,NetChangeInProvisionsForInsuranceLiabilities,NetInterestIncome,NetNonInterestIncome,NoncontrollingInterests,OTHNOE,OperatingExpenses,OperatingIncome,OtherComprehensiveIncome,OtherComprehensiveIncomeAfterTax,OtherComprehensiveIncomeAfterTaxThePeriod,PreTaxIncome,RealizedGain,Revenue,TAX,TotalConsolidatedProfitForThePeriod,TotalNonbusinessIncome,TotalNonoperatingIncomeAndExpense,UnrealizedGain
2023-09-30,1313,,,,18768230000.0,0.39,519665000.0,,1088210000.0,,,519665000.0,,519665000.0,,,,,,,613261000.0,474949000.0,1510732000.0,,,647771000.0,,19856440000.0,128106000.0,2030397000.0,,172822000.0,
2023-12-31,1313,,,,19390908000.0,-0.14,-191431000.0,,461863000.0,,,-191431000.0,,-191431000.0,,,,,,,603858000.0,-141995000.0,181572000.0,,,-209561000.0,,19852771000.0,-18130000.0,-9859000.0,,-67566000.0,
2024-03-31,1313,,,,18356825000.0,-0.59,-780660000.0,,-531335000.0,,,-780660000.0,,-780660000.0,,,,,,,595938000.0,-1127273000.0,1938024000.0,,,-1063157000.0,,17825490000.0,-282497000.0,1157364000.0,,64116000.0,
2024-06-30,1313,,,,20235664000.0,-0.43,-571660000.0,,145846000.0,,,-571660000.0,,-571660000.0,,,,,,,647433000.0,-501587000.0,-423100000.0,,,-647789000.0,,20381510000.0,-76129000.0,-994760000.0,,-146202000.0,
2024-09-30,1313,,,,17268129000.0,-0.55,-726350000.0,,-263716000.0,,,-726350000.0,,-726350000.0,,,,,,,622521000.0,-886237000.0,-493526000.0,,,-664909000.0,,17004413000.0,61441000.0,-1219876000.0,,221328000.0,
2024-12-31,1313,,,,17635985000.0,-0.22,-305185000.0,,472882000.0,,,-305185000.0,,-305185000.0,,,,,,,633642000.0,-160760000.0,1019282000.0,,,-337722000.0,,18108867000.0,-32537000.0,714097000.0,,-176962000.0,
2025-03-31,1313,,,,14119079000.0,-0.2,-266053000.0,,433523000.0,,,-266053000.0,,-266053000.0,,,,,,,625839000.0,-192316000.0,-1533503000.0,,,-278949000.0,,14552602000.0,-12896000.0,-1799556000.0,,-86633000.0,
2025-06-30,1313,,,,14601061000.0,-0.11,-145906000.0,,378974000.0,,,-145906000.0,,-145906000.0,,,,,,,627882000.0,-248908000.0,-2810264000.0,,,-207039000.0,,14980035000.0,-61133000.0,-2956170000.0,,41869000.0,
2023-09-30,1316,,,-17532000.0,138988000.0,-0.16,-31193000.0,,41356000.0,,,-48787000.0,,-48787000.0,,,,,-17594000.0,,83579000.0,-42223000.0,-2826000.0,,,-53493000.0,,180344000.0,-4706000.0,-51613000.0,,-11270000.0,
2023-12-31,1316,,,-7873000.0,155332000.0,-0.18,-45298000.0,,35907000.0,,,-53751000.0,,-53751000.0,,,,,-8453000.0,,91833000.0,-55926000.0,3973000.0,,,-45935000.0,,191239000.0,7816000.0,-49778000.0,,9991000.0,
2024-03-31,1316,,,66810000.0,160659000.0,-0.27,-68879000.0,,68273000.0,,,-2218000.0,,-2218000.0,,,,,66661000.0,,127379000.0,-59106000.0,-12000.0,,,-2432000.0,,228932000.0,-214000.0,-2230000.0,,56674000.0,
2024-06-30,1316,,,49853000.0,234465000.0,0.06,13575000.0,,138496000.0,,,63529000.0,,63529000.0,,,,,49954000.0,,96870000.0,41626000.0,2000.0,,,63524000.0,,372961000.0,-5000.0,63531000.0,,21898000.0,
2024-09-30,1316,,,-5206000.0,272845000.0,-0.11,-32006000.0,,90164000.0,,,-37211000.0,,-37211000.0,,,,,-5205000.0,,109282000.0,-19118000.0,-109000.0,,,-36683000.0,,363009000.0,528000.0,-37320000.0,,-17565000.0,
2024-12-31,1316,,,-40661000.0,342313000.0,-0.47,-127080000.0,,184019000.0,,,-166063000.0,,-166063000.0,,,,,-38983000.0,,249276000.0,-65257000.0,-1694000.0,,,-111398000.0,,526332000.0,54665000.0,-167757000.0,,-46141000.0,
2025-03-31,1316,,,591980000.0,345584000.0,-0.31,-96729000.0,,415670000.0,,,495581000.0,,495581000.0,,,,,592310000.0,,433126000.0,-17456000.0,-335000.0,,,496854000.0,,761254000.0,1273000.0,495246000.0,,514310000.0,
2025-06-30,1316,,,121897000.0,661126000.0,-0.27,-91304000.0,,287662000.0,,,30597000.0,,30597000.0,,,,,121901000.0,,101836000.0,185826000.0,-1216000.0,,,113233000.0,,948788000.0,82636000.0,29381000.0,,-72593000.0,
2023-09-30,1414,,,,134990000.0,0.06,,,10177000.0,,,14752000.0,,14752000.0,,,,,,,19823000.0,-9646000.0,-12999000.0,,,14173000.0,,145167000.0,-579000.0,1753000.0,,23819000.0,
2023-12-31,1414,,,,125122000.0,0.05,,,19719000.0,,,10016000.0,,10016000.0,,,,,,,19851000.0,-132000.0,34756000.0,,,7736000.0,,144841000.0,-2280000.0,44772000.0,,7868000.0,
2024-03-31,1414,,,,120490000.0,0.08,,,19578000.0,,,18137000.0,,18137000.0,,,,,,,18882000.0,696000.0,42400000.0,,,19411000.0,,140068000.0,1274000.0,60537000.0,,18715000.0,
2024-06-30,1414,,,,125021000.0,0.08,,,17756000.0,,,16736000.0,,16736000.0,,,,,,,21038000.0,-3282000.0,21836000.0,,,18673000.0,,142777000.0,1937000.0,38572000.0,,21955000.0,
2024-09-30,1414,,,,107993000.0,0.1,,,14376000.0,,,21778000.0,,21778000.0,,,,,,,18960000.0,-4584000.0,-30553000.0,,,20760000.0,,122369000.0,-1018000.0,-8775000.0,,25344000.0,
2024-12-31,1414,,,,103308000.0,0.0,56666000.0,,15338000.0,,,15000.0,,15000.0,,,,,,,24120000.0,-8782000.0,-6927000.0,,,-279000.0,,118646000.0,-294000.0,-6912000.0,,8503000.0,
2025-03-31,1414,,,,115549000.0,-0.02,-5118000.0,,17752000.0,,,-5118000.0,,-5118000.0,,,,,,,17898000.0,-146000.0,-13218000.0,,,-3597000.0,,133301000.0,1521000.0,-18336000.0,,-3451000.0,
2025-06-30,1414,,,,110329000.0,0.04,9300000.0,,16150000.0,,,9300000.0,,9300000.0,,,,,,,20184000.0,-4034000.0,-17802000.0,,,9602000.0,,126479000.0,302000.0,-8502000.0,,13636000.0,
2023-09-30,1419,,,,585667000.0,0.97,290032000.0,,230888000.0,,,290032000.0,,290032000.0,,,,,,0.0,153687000.0,77201000.0,297743000.0,,,316469000.0,,816555000.0,26437000.0,587775000.0,,239268000.0,
2023-12-31,1419,,,,734088000.0,0.34,100855000.0,,320400000.0,,,100855000.0,,100855000.0,,,,,,0.0,180677000.0,139723000.0,599862000.0,,,106657000.0,,1054488000.0,5802000.0,700717000.0,,-33066000.0,
2024-03-31,1419,,,,634913000.0,0.3,89726000.0,,226712000.0,,,89726000.0,,89726000.0,,,,,,1000.0,172796000.0,53917000.0,893538000.0,,,116808000.0,,861625000.0,27082000.0,983264000.0,,62891000.0,
2024-06-30,1419,,,,610565000.0,0.71,213446000.0,,277606000.0,,,213446000.0,,213446000.0,,,,,,33000.0,196020000.0,81619000.0,737355000.0,,,374210000.0,,888171000.0,160764000.0,950801000.0,,292591000.0,
2024-09-30,1419,,,,804956000.0,0.8,239628000.0,,330793000.0,,,239628000.0,,239628000.0,,,,,,0.0,181335000.0,149458000.0,-181992000.0,,,261516000.0,,1135749000.0,21888000.0,57636000.0,,112058000.0,
2024-12-31,1419,,,,930633000.0,1.09,326214000.0,,398311000.0,,,326214000.0,,326214000.0,,,,,,0.0,224999000.0,173312000.0,395260000.0,,,359135000.0,,1328944000.0,32921000.0,721474000.0,,185823000.0,
2025-03-31,1419,,,0.0,770801000.0,0.33,98701000.0,,292959000.0,,,98701000.0,,98701000.0,,,,,0.0,0.0,186931000.0,106028000.0,179304000.0,,,143873000.0,,1063760000.0,45172000.0,278005000.0,,37845000.0,
2025-06-30,1419,,,0.0,666110000.0,1.09,324802000.0,,270670000.0,,,324802000.0,,324802000.0,,,,,0.0,,201141000.0,69529000.0,-634765000.0,,,304513000.0,,936780000.0,-20289000.0,-309963000.0,,234984000.0,
2023-09-30,1504,,,65034000.0,11357039000.0,0.47,981154000.0,,3708063000.0,,,1109420000.0,,1109420000.0,,,,,128266000.0,,2033584000.0,1677171000.0,-4087048000.0,,,1608950000.0,0.0,15065102000.0,499530000.0,-2977628000.0,,-68221000.0,-2692000.0
2023-12-31,1504,,,78492000.0,10640428000.0,0.51,1092114000.0,,3723886000.0,,,1225230000.0,,1225230000.0,,,,,133116000.0,,2212094000.0,1508341000.0,49902000.0,,,1699822000.0,0.0,14364314000.0,474592000.0,1275132000.0,,191481000.0,3451000.0
2024-03-31,1504,,,133790000.0,10172677000.0,0.55,1159139000.0,,3556921000.0,,,1286957000.0,,1286957000.0,,,,,127818000.0,,1922102000.0,1634045000.0,-2295197000.0,,,1769881000.0,10419000.0,13729598000.0,482924000.0,-1008240000.0,,135836000.0,11193000.0
2024-06-30,1504,,,126641000.0,10858403000.0,0.78,1646951000.0,,3667524000.0,,,1761411000.0,,1761411000.0,,,,,114460000.0,,2054896000.0,1612379000.0,1071508000.0,,,2300146000.0,0.0,14525927000.0,538735000.0,2832919000.0,,687767000.0,249000.0
2024-09-30,1504,,,96836000.0,9964470000.0,0.84,1770005000.0,,3492874000.0,,,1903328000.0,,1903328000.0,,,,,133323000.0,,1861390000.0,1632720000.0,179804000.0,,,2380982000.0,0.0,13457344000.0,477654000.0,2083132000.0,,748262000.0,-1236000.0
2024-12-31,1504,,,96652000.0,10099158000.0,0.56,1191542000.0,,3422719000.0,,,1299585000.0,,1299585000.0,,,,,108043000.0,,2069511000.0,1352461000.0,-4701166000.0,,,1628820000.0,0.0,13521877000.0,329235000.0,-3401581000.0,,276359000.0,747000.0
2025-03-31,1504,,,49565000.0,10326432000.0,0.54,1147310000.0,,3290734000.0,,,1203087000.0,,1203087000.0,,,,,55777000.0,,2108882000.0,1183840000.0,546497000.0,,,1642916000.0,10953000.0,13617166000.0,439829000.0,1749584000.0,,459076000.0,8965000.0
2025-06-30,1504,,,39444000.0,11939636000.0,0.69,1448762000.0,,3664334000.0,,,1580630000.0,,1580630000.0,,,,,131868000.0,,2183723000.0,1478103000.0,-4923833000.0,,,1917104000.0,0.0,15603970000.0,336474000.0,-3343203000.0,,439001000.0,2508000.0
2023-09-30,1560,,,4497000.0,1120771000.0,2.02,292100000.0,,528119000.0,,,296501000.0,,296501000.0,,,,,4401000.0,,248188000.0,279931000.0,-35832000.0,,,371938000.0,,1648890000.0,75437000.0,260669000.0,,92007000.0,
2023-12-31,1560,,,7360000.0,1084300000.0,1.11,159960000.0,,510141000.0,,,160785000.0,,160785000.0,,,,,825000.0,,236747000.0,273394000.0,70868000.0,,,201709000.0,,1594441000.0,40924000.0,231653000.0,,-71685000.0,
2024-03-31,1560,,,6612000.0,1078936000.0,1.77,256690000.0,,516242000.0,,,269305000.0,,269305000.0,,,,,12615000.0,,254895000.0,261347000.0,-18028000.0,,,321223000.0,,1595178000.0,51918000.0,251277000.0,,59876000.0,
2024-06-30,1560,,,6932000.0,1184432000.0,1.75,253669000.0,,546682000.0,,,259652000.0,,259652000.0,,,,,5983000.0,,252490000.0,294192000.0,-9058000.0,,,333422000.0,,1731114000.0,73770000.0,250594000.0,,39230000.0,
2024-09-30,1560,,,34996000.0,1300380000.0,1.96,285349000.0,,558809000.0,,,284480000.0,,284480000.0,,,,,-869000.0,,253353000.0,305456000.0,94611000.0,,,326712000.0,,1859189000.0,42232000.0,379091000.0,,21256000.0,
2024-12-31,1560,,,-583000.0,1267629000.0,1.62,239295000.0,,566383000.0,,,248553000.0,,248553000.0,,,,,9258000.0,,272181000.0,294202000.0,-604000.0,,,307425000.0,,1834012000.0,58872000.0,247949000.0,,13223000.0,
2025-03-31,1560,,,9307000.0,1224041000.0,1.96,285815000.0,,547586000.0,,,288447000.0,,288447000.0,,,,,2632000.0,,266125000.0,281461000.0,25827000.0,,,315255000.0,,1771627000.0,26808000.0,314274000.0,,33794000.0,
2025-06-30,1560,,,-10266000.0,1435040000.0,1.82,266366000.0,,679723000.0,,,280847000.0,,280847000.0,,,,,14481000.0,,327610000.0,352113000.0,-115832000.0,,,336155000.0,,2114763000.0,55308000.0,165015000.0,,-15958000.0,
2023-09-30,1603,,,515000.0,1009053000.0,1.08,171416000.0,,191388000.0,,,172199000.0,,172199000.0,,,,,783000.0,6909000.0,35845000.0,162452000.0,-30153000.0,,,203258000.0,,1200441000.0,31059000.0,142046000.0,,40806000.0,
2023-12-31,1603,,,1359000.0,811225000.0,0.79,125062000.0,,152564000.0,,,124707000.0,,124707000.0,0.0,,,,-355000.0,6794000.0,34043000.0,125315000.0,114711000.0,,,161779000.0,,963789000.0,37072000.0,239418000.0,,36464000.0,
2024-03-31,1603,,,3088000.0,866285000.0,0.67,105926000.0,,163114000.0,,,105854000.0,,105854000.0,,,,,-72000.0,7808000.0,44700000.0,126222000.0,140712000.0,,,131364000.0,,1029399000.0,25510000.0,246566000.0,,5142000.0,
2024-06-30,1603,,,5057000.0,1019669000.0,0.51,81503000.0,,121799000.0,,,81510000.0,,81510000.0,,,,,7000.0,7575000.0,37512000.0,91862000.0,215282000.0,,,109588000.0,,1141468000.0,28078000.0,296792000.0,,17726000.0,
2024-09-30,1603,,,1235000.0,990809000.0,1.02,162565000.0,,180316000.0,,,163558000.0,,163558000.0,,,,,993000.0,6879000.0,35911000.0,151284000.0,-6277000.0,,,192606000.0,,1171125000.0,29048000.0,157281000.0,,41322000.0,
2024-12-31,1603,,,1852000.0,1042001000.0,0.65,101934000.0,,153980000.0,,,101787000.0,,101787000.0,0.0,,,,-147000.0,7081000.0,36974000.0,124087000.0,3384000.0,,,129669000.0,,1195981000.0,27882000.0,105171000.0,,5582000.0,
2025-03-31,1603,,,-3385000.0,1204318000.0,0.86,137381000.0,,221333000.0,,,137370000.0,,137370000.0,,,,,-11000.0,7500000.0,61023000.0,167810000.0,-156996000.0,,,170097000.0,,1425651000.0,32727000.0,-19626000.0,,2287000.0,
2025-06-30,1603,,,2910000.0,1226514000.0,0.97,153060000.0,,198555000.0,,,153099000.0,,153099000.0,,,,,39000.0,8109000.0,37012000.0,169652000.0,138410000.0,,,194226000.0,,1425069000.0,41127000.0,291509000.0,,24574000.0,
2023-09-30,1605,,,207104000.0,42680880000.0,0.41,1634513000.0,,3664973000.0,,,1729812000.0,,1729812000.0,,,,,95299000.0,,1943138000.0,1721835000.0,2010748000.0,,,1812008000.0,,46345853000.0,82196000.0,3740560000.0,,90173000.0,
2023-12-31,1605,,,-241386000.0,40857912000.0,0.08,383800000.0,,2475323000.0,,,366936000.0,,366936000.0,,,,,-16864000.0,,2359885000.0,115438000.0,-3519690000.0,,,358435000.0,,43333235000.0,-8501000.0,-3152754000.0,,242997000.0,
2024-03-31,1605,,,-111129000.0,37891440000.0,0.22,870406000.0,,2658397000.0,,,799736000.0,,799736000.0,,,,,-70670000.0,,2171455000.0,486942000.0,4417478000.0,,,671948000.0,,40549837000.0,-127788000.0,5217214000.0,,185006000.0,
2024-06-30,1605,,,454455000.0,44146453000.0,0.55,2246756000.0,,4167357000.0,,,2310431000.0,,2310431000.0,,,,,63675000.0,,2424000000.0,1743357000.0,-257842000.0,,,2787715000.0,,48313810000.0,477284000.0,2052589000.0,,1044358000.0,
2024-09-30,1605,,,282372000.0,41316967000.0,0.07,256936000.0,,2485389000.0,,,44406000.0,,44406000.0,,,,,-212530000.0,,2453153000.0,32236000.0,-2839273000.0,,,-103143000.0,,43802356000.0,-147549000.0,-2794867000.0,,-135379000.0,
2024-12-31,1605,,,-52283000.0,44278789000.0,-0.15,-584044000.0,,2373548000.0,,,-556083000.0,,-556083000.0,,,,,27961000.0,,2468314000.0,-94766000.0,-1789441000.0,,,-845529000.0,,46652337000.0,-289446000.0,-2345524000.0,,-750763000.0,
2025-03-31,1605,,,330168000.0,41144288000.0,0.17,679074000.0,,3698823000.0,,,608642000.0,,608642000.0,,,,,-70432000.0,,2748664000.0,950159000.0,939814000.0,,,736796000.0,,44843111000.0,128154000.0,1548456000.0,,-213363000.0,
2025-06-30,1605,,,-952836000.0,43047581000.0,0.12,488450000.0,,3383386000.0,,,365577000.0,,365577000.0,,,,,-122873000.0,,2885802000.0,497584000.0,-11717212000.0,,,383995000.0,,46430967000.0,18418000.0,-11351635000.0,,-113589000.0,
2023-09-30,1721,,,0.0,563759000.0,-0.42,-77469000.0,,-41238000.0,,,-77469000.0,,-77469000.0,,,,,0.0,,53769000.0,-95007000.0,809000.0,,,-84302000.0,,522521000.0,-6833000.0,-76660000.0,,10705000.0,
2023-12-31,1721,,,0.0,550336000.0,-0.35,-65391000.0,,37644000.0,,,-65391000.0,,-65391000.0,,,,,0.0,,48120000.0,-10476000.0,5954000.0,,,-55100000.0,,587980000.0,10291000.0,-59437000.0,,-44624000.0,
2024-03-31,1721,,,,568154000.0,-0.44,-81076000.0,,-27871000.0,,,-81076000.0,,-81076000.0,,,,,,,48479000.0,-76350000.0,1711000.0,,,-76235000.0,,540283000.0,4841000.0,-79365000.0,,115000.0,
2024-06-30,1721,,,,602113000.0,-0.22,-40191000.0,,5736000.0,,,-40191000.0,,-40191000.0,,,,,,,49266000.0,-43530000.0,1698000.0,,,-43103000.0,,607849000.0,-2912000.0,-38493000.0,,427000.0,
2024-09-30,1721,,,,610705000.0,-0.11,-20394000.0,,37390000.0,,,-20394000.0,,-20394000.0,,,,,,,49147000.0,-11757000.0,2952000.0,,,-21379000.0,,648095000.0,-985000.0,-17442000.0,,-9622000.0,
2024-12-31,1721,,,,499359000.0,-0.21,-40915000.0,,-8866000.0,,,-40915000.0,,-40915000.0,,,,,,,42281000.0,-51147000.0,7170000.0,,,-45168000.0,,490493000.0,-4253000.0,-33745000.0,,5979000.0,
2025-03-31,1721,,,,501651000.0,-0.24,-43766000.0,,3259000.0,,,-43766000.0,,-43766000.0,,,,,,,47393000.0,-44134000.0,2010000.0,,,-43811000.0,,504910000.0,-45000.0,-41756000.0,,323000.0,
2025-06-30,1721,,,,436028000.0,-0.65,-119877000.0,,-50897000.0,,,-119877000.0,,-119877000.0,,,,,,,46710000.0,-97607000.0,-886000.0,,,-124839000.0,,385131000.0,-4962000.0,-120763000.0,,-27232000.0,
2023-09-30,2023,,,-67980000.0,17068799000.0,-0.02,-41893000.0,,1842316000.0,,,-117346000.0,,-117346000.0,,,,,-75453000.0,,1339949000.0,502367000.0,411120000.0,,,-89178000.0,,18911115000.0,28168000.0,293774000.0,,-591545000.0,
2023-12-31,2023,,,-146669000.0,16784336000.0,-0.46,-899145000.0,,1624231000.0,,,-1032329000.0,,-1032329000.0,,,,,-133184000.0,,1391487000.0,232744000.0,-294793000.0,,,-1049962000.0,,18408567000.0,-17633000.0,-1327122000.0,,-1282706000.0,
2024-03-31,2023,,,-82780000.0,17488972000.0,0.02,33851000.0,,2051642000.0,,,-56430000.0,,-56430000.0,,,,,-90281000.0,,1543671000.0,507971000.0,465926000.0,,,1297000.0,,19540614000.0,57727000.0,409496000.0,,-506674000.0,
2024-06-30,2023,,,-110403000.0,18212428000.0,-0.05,-90098000.0,,1663920000.0,,,-203129000.0,,-203129000.0,,,,,-113031000.0,,1370055000.0,293865000.0,138806000.0,,,-165415000.0,,19876348000.0,37714000.0,-64323000.0,,-459280000.0,
2024-09-30,2023,,,-98968000.0,15753633000.0,-0.38,-764356000.0,,984255000.0,,,-869071000.0,,-869071000.0,,,,,-104715000.0,,1202245000.0,-217990000.0,-16956000.0,,,-996971000.0,,16737888000.0,-127900000.0,-886027000.0,,-778981000.0,
2024-12-31,2023,,,-153503000.0,16619608000.0,-0.4,-775517000.0,,1207289000.0,,,-925533000.0,,-925533000.0,,,,,-150016000.0,,1450703000.0,-243414000.0,204801000.0,,,-912601000.0,,17826897000.0,12932000.0,-720732000.0,,-669187000.0,
2025-03-31,2023,,,-81814000.0,16761931000.0,-0.16,-308168000.0,,1785552000.0,,,-392827000.0,,-392827000.0,,,,,-84659000.0,,1426108000.0,359444000.0,162048000.0,,,-399696000.0,,18547483000.0,-6869000.0,-230779000.0,,-759140000.0,
2025-06-30,2023,,,-176617000.0,16839137000.0,-0.7,-1363604000.0,,1256008000.0,,,-1491455000.0,,-1491455000.0,,,,,-127851000.0,,1355781000.0,-99773000.0,-1521225000.0,,,-1663477000.0,,18095145000.0,-172022000.0,-3012680000.0,,-1563704000.0,
2023-09-30,2033,,,,120370000.0,0.0,,,12570000.0,,,-416000.0,,-416000.0,,,,,,,14586000.0,-2016000.0,-334000.0,,,214000.0,,132940000.0,630000.0,-750000.0,,2230000.0,
2023-12-31,2033,,,,134768000.0,0.05,,,16290000.0,,,4267000.0,,4267000.0,,,,,,,12545000.0,3745000.0,3908000.0,,,4723000.0,,151058000.0,456000.0,8175000.0,,978000.0,
2024-03-31,2033,,,,116097000.0,0.04,,,19634000.0,,,3383000.0,,3383000.0,,,,,,,15333000.0,4301000.0,418000.0,,,4257000.0,,135731000.0,874000.0,3801000.0,,-44000.0,
2024-06-30,2033,,,,127562000.0,0.05,,,21923000.0,,,4268000.0,,4268000.0,,,,,,,16060000.0,5863000.0,-1589000.0,,,5346000.0,,149485000.0,1078000.0,2679000.0,,-517000.0,
2024-09-30,2033,,,,119469000.0,0.06,,,16844000.0,,,4668000.0,,4668000.0,,,,,,,14869000.0,1975000.0,15499000.0,,,5415000.0,,136313000.0,747000.0,20167000.0,,3440000.0,
2024-12-31,2033,,,,136980000.0,0.04,,,19141000.0,,,3403000.0,,3403000.0,,,,,,,14362000.0,4779000.0,-15220000.0,,,4657000.0,,156121000.0,1254000.0,-11817000.0,,-122000.0,
2025-03-31,2033,,,,151936000.0,0.11,,,27998000.0,,,9075000.0,,9075000.0,,,,,,,18417000.0,9581000.0,0.0,,,11367000.0,,179934000.0,2292000.0,9075000.0,,1786000.0,
2025-06-30,2033,,,,157502000.0,0.05,,,24482000.0,,,4237000.0,,4237000.0,,,,,,,17730000.0,6752000.0,0.0,,,6416000.0,,181984000.0,2179000.0,4237000.0,,-336000.0,
2023-09-30,2239,,,163814000.0,5319075000.0,0.48,56513000.0,,813355000.0,,,87372000.0,,87372000.0,,,,,30859000.0,,638617000.0,174738000.0,590716000.0,,,119182000.0,,6132430000.0,31810000.0,678088000.0,,-55556000.0,
2023-12-31,2239,,,-66885000.0,5737183000.0,1.53,183256000.0,,948731000.0,,,223325000.0,,223325000.0,,,,,40069000.0,,711457000.0,237274000.0,-402151000.0,,,288401000.0,,6685914000.0,65076000.0,-178826000.0,,51127000.0,
2024-03-31,2239,,,144398000.0,4580134000.0,0.32,39047000.0,,723220000.0,,,55849000.0,,55849000.0,,,,,16802000.0,,585926000.0,137294000.0,392218000.0,,,78392000.0,,5303354000.0,22543000.0,448067000.0,,-58902000.0,
2024-06-30,2239,,,58961000.0,4903455000.0,-0.1,-12308000.0,,640181000.0,,,-4343000.0,,-4343000.0,,,,,7965000.0,,640072000.0,109000.0,202800000.0,,,-11319000.0,,5543636000.0,-6976000.0,198457000.0,,-11428000.0,
2024-09-30,2239,,,96240000.0,4512794000.0,-0.75,-90956000.0,,647689000.0,,,-80269000.0,,-80269000.0,,,,,10687000.0,,615615000.0,32074000.0,350976000.0,,,-89896000.0,,5160483000.0,-9627000.0,270707000.0,,-121970000.0,
2024-12-31,2239,,,-63078000.0,4939521000.0,0.44,53527000.0,,538458000.0,,,41077000.0,,41077000.0,,,,,-12450000.0,,616268000.0,-77810000.0,-232176000.0,,,62427000.0,,5477979000.0,21350000.0,-191099000.0,,140237000.0,
2025-03-31,2239,,,80556000.0,4190782000.0,-3.48,-418288000.0,,360275000.0,,,-457751000.0,,-457751000.0,,,,,-39463000.0,,604947000.0,-244672000.0,479386000.0,,,-476901000.0,,4551057000.0,-19150000.0,21635000.0,,-232229000.0,
2025-06-30,2239,,,-600507000.0,4270526000.0,0.96,114483000.0,,569705000.0,,,118254000.0,,118254000.0,,,,,3771000.0,,598295000.0,-28590000.0,-2290696000.0,,,121945000.0,,4840231000.0,3691000.0,-2172442000.0,,150535000.0,
2023-09-30,2241,,,-2145000.0,240029000.0,-0.36,-33038000.0,,5927000.0,,,-36579000.0,,-36579000.0,,,,,-3541000.0,,45551000.0,-39624000.0,3147000.0,,,-35914000.0,,245956000.0,665000.0,-33432000.0,,3710000.0,
2023-12-31,2241,,,-8168000.0,245301000.0,-0.77,-70833000.0,,8149000.0,,,-78239000.0,,-78239000.0,,,,,-7406000.0,,81154000.0,-73005000.0,-914000.0,,,-84443000.0,,253450000.0,-6204000.0,-79153000.0,,-11438000.0,
2024-03-31,2241,,,-4348000.0,174587000.0,-0.31,-32717000.0,,10719000.0,,,-38731000.0,,-38731000.0,,,,,-6014000.0,,50862000.0,-40143000.0,3625000.0,,,-38241000.0,,185306000.0,490000.0,-35106000.0,,1902000.0,
2024-06-30,2241,,,-5141000.0,165577000.0,-0.4,-41449000.0,,3916000.0,,,-47364000.0,,-47364000.0,,,,,-5915000.0,,52771000.0,-48855000.0,1509000.0,,,-48934000.0,,169493000.0,-1570000.0,-45855000.0,,-79000.0,
2024-09-30,2241,,,-3269000.0,163085000.0,-0.43,-44572000.0,,6379000.0,,,-49330000.0,,-49330000.0,,,,,-4758000.0,,53354000.0,-46975000.0,3695000.0,,,-50761000.0,,169464000.0,-1431000.0,-45635000.0,,-3786000.0,
2024-12-31,2241,,,-4553000.0,183090000.0,-0.84,-88378000.0,,-18323000.0,,,-92140000.0,,-92140000.0,,,,,-3762000.0,,58980000.0,-77303000.0,-1138000.0,,,-88422000.0,,164767000.0,3718000.0,-93278000.0,,-11119000.0,
2025-03-31,2241,,,-3951000.0,166799000.0,-0.23,-24142000.0,,9316000.0,,,-29652000.0,,-29652000.0,,,,,-5510000.0,,38966000.0,-29650000.0,3707000.0,,,-29748000.0,,176115000.0,-96000.0,-25945000.0,,-98000.0,
2025-06-30,2241,,,-16541000.0,172178000.0,-0.13,-13544000.0,,-26559000.0,,,-18683000.0,,-18683000.0,,,,,-5139000.0,,40516000.0,-67075000.0,-25699000.0,,,6694000.0,,145619000.0,25377000.0,-44382000.0,,73769000.0,
2023-09-30,2301,,,25411000.0,30525697000.0,2.0,4557708000.0,,9431527000.0,,,4566676000.0,,4566676000.0,,,,,8968000.0,,4811521000.0,4620006000.0,2666369000.0,,,5744246000.0,,39957224000.0,1177570000.0,7233045000.0,,1124240000.0,
2023-12-31,2301,,,-17446000.0,28772506000.0,1.5,3459849000.0,,8136525000.0,,,3457870000.0,,3457870000.0,,,,,-1979000.0,,4718838000.0,3417687000.0,-3144289000.0,,,4352047000.0,,36909031000.0,894177000.0,313581000.0,,934360000.0,
2024-03-31,2301,,,31543000.0,22928567000.0,1.04,2387803000.0,,5847337000.0,,,2393518000.0,,2393518000.0,,,,,5715000.0,,3616674000.0,2230663000.0,2650916000.0,,,3128781000.0,,28775904000.0,735263000.0,5044434000.0,,898118000.0,
2024-06-30,2301,,,18759000.0,25898290000.0,1.36,3114891000.0,,7387202000.0,,,3124017000.0,,3124017000.0,,,,,9126000.0,,4105882000.0,3281320000.0,690806000.0,,,4083683000.0,,33285492000.0,959666000.0,3814823000.0,,802363000.0,
2024-09-30,2301,,,6997000.0,28521654000.0,1.48,3390131000.0,,8251428000.0,,,3392036000.0,,3392036000.0,,,,,1905000.0,,4326536000.0,3924892000.0,-295674000.0,,,4434034000.0,,36773082000.0,1041998000.0,3096362000.0,,509142000.0,
2024-12-31,2301,,,-10132000.0,30155652000.0,1.33,3049126000.0,,8143764000.0,,,3050925000.0,,3050925000.0,,,,,1799000.0,,4646706000.0,3497058000.0,1621890000.0,,,3988137000.0,,38299416000.0,937212000.0,4672815000.0,,491079000.0,
2025-03-31,2301,,,1323000.0,28194791000.0,1.51,3455561000.0,,8221769000.0,,,3455105000.0,,3455105000.0,,,,,-456000.0,,4546494000.0,3675275000.0,1398047000.0,,,4669061000.0,,36416560000.0,1213956000.0,4853152000.0,,993786000.0,
2025-06-30,2301,,,-17268000.0,31479435000.0,1.38,3155195000.0,,8941941000.0,,,3154115000.0,,3154115000.0,,,,,-1080000.0,,5215295000.0,3726646000.0,-10022620000.0,,,4262317000.0,,40421376000.0,1108202000.0,-6868505000.0,,535671000.0,
2023-09-30,2317,,,9961627000.0,1440410156000.0,3.11,43127846000.0,,102753497000.0,,,47489904000.0,,47489904000.0,,,,,4362058000.0,,56603595000.0,46149902000.0,54644223000.0,,,57217401000.0,,1543163653000.0,9727497000.0,102134127000.0,,11067499000.0,
2023-12-31,2317,,,-386512000.0,1738789844000.0,3.83,53145120000.0,,113282333000.0,,,58257039000.0,,58257039000.0,,,,,5111919000.0,,64352160000.0,48930173000.0,-55163440000.0,,,66898283000.0,,1852072177000.0,8641244000.0,3093599000.0,,17968110000.0,
2024-03-31,2317,,,8016431000.0,1240329407000.0,1.59,22008730000.0,,83662240000.0,,,24872602000.0,,24872602000.0,,,,,2863872000.0,,46911708000.0,36750532000.0,52632234000.0,,,32508698000.0,,1323991647000.0,7636096000.0,77504836000.0,,-4241834000.0,
2024-06-30,2317,,,5333596000.0,1451044272000.0,2.53,35045393000.0,,99506623000.0,,,38944968000.0,,38944968000.0,,,,,3899575000.0,,54902160000.0,44604463000.0,13373327000.0,,,48399837000.0,,1550550895000.0,9454869000.0,52318295000.0,,3795374000.0,
2024-09-30,2317,,,5711930000.0,1739835632000.0,3.55,49325069000.0,,114733487000.0,,,55344788000.0,,55344788000.0,,,,,6019719000.0,,59962113000.0,54771374000.0,15394928000.0,,,67653211000.0,,1854569119000.0,12308423000.0,70739716000.0,,12881837000.0,
2024-12-31,2317,,,6268010000.0,1999460264000.0,3.34,46325874000.0,,131043568000.0,,,52516877000.0,,52516877000.0,,,,,6191003000.0,,66562710000.0,64480858000.0,-2732963000.0,,,63313411000.0,,2130503832000.0,10796534000.0,49783914000.0,,-1167447000.0,
2025-03-31,2317,,,7470674000.0,1543767136000.0,3.03,42108054000.0,,100548427000.0,,,45833606000.0,,45833606000.0,,,,,3725552000.0,,54048465000.0,46499962000.0,37485264000.0,,,59120357000.0,,1644315563000.0,13286751000.0,83318870000.0,,12620395000.0,
2025-06-30,2317,,,-17498359000.0,1679939050000.0,3.2,44360558000.0,,113528996000.0,,,49536711000.0,,49536711000.0,,,,,5176153000.0,,56932779000.0,56596217000.0,-247554459000.0,,,65149410000.0,,1793468046000.0,15612699000.0,-198017748000.0,,8553193000.0,
2023-09-30,2331,,,331000.0,3678836000.0,0.5,277039000.0,,773257000.0,,,277026000.0,,277026000.0,,,,,-13000.0,,680249000.0,93008000.0,161043000.0,,,376289000.0,,4452093000.0,99263000.0,438069000.0,,283281000.0,
2023-12-31,2331,,,-509000.0,3647334000.0,0.53,295240000.0,,681182000.0,,,295228000.0,,295228000.0,,,,,-12000.0,,564869000.0,116313000.0,-176826000.0,,,334244000.0,,4328516000.0,39016000.0,118402000.0,,217931000.0,
2024-03-31,2331,,,370000.0,2935735000.0,0.07,41797000.0,,523449000.0,,,41756000.0,,41756000.0,,,,,-41000.0,,663814000.0,-140365000.0,992544000.0,,,74000000.0,,3459184000.0,32244000.0,1034300000.0,,214365000.0,
2024-06-30,2331,,,70000.0,4405567000.0,0.06,29414000.0,,585124000.0,,,29343000.0,,29343000.0,,,,,-71000.0,,630358000.0,-45234000.0,59582000.0,,,62651000.0,,4990691000.0,33308000.0,88925000.0,,107885000.0,
2024-09-30,2331,,,-268000.0,4201223000.0,-0.05,-27255000.0,,536097000.0,,,-27276000.0,,-27276000.0,,,,,-21000.0,,584684000.0,-48587000.0,-682667000.0,,,-7293000.0,,4737320000.0,19983000.0,-709943000.0,,41294000.0,
2024-12-31,2331,,,455000.0,4031229000.0,-0.24,-134451000.0,,277281000.0,,,-134349000.0,,-134349000.0,,,,,102000.0,,559189000.0,-281908000.0,-18100000.0,,,-174244000.0,,4308510000.0,-39895000.0,-152449000.0,,107664000.0,
2025-03-31,2331,,,-12000.0,3036729000.0,1.02,571191000.0,,517747000.0,,,571048000.0,,571048000.0,,,,,-143000.0,,561585000.0,-43838000.0,-606213000.0,,,804410000.0,,3554476000.0,233362000.0,-35165000.0,,848248000.0,
2025-06-30,2331,,,-1575000.0,4819211000.0,-0.09,-54941000.0,,555660000.0,,,-55057000.0,,-55057000.0,,,,,-116000.0,,458433000.0,97227000.0,-791633000.0,,,52755000.0,,5374871000.0,107812000.0,-846690000.0,,-44472000.0,
2023-09-30,2344,,,366457000.0,13321243000.0,-0.03,-114113000.0,,6184572000.0,,,178227000.0,,178227000.0,,,,,292340000.0,,5977737000.0,206835000.0,-1744576000.0,,,206072000.0,,19505815000.0,27845000.0,-1566349000.0,,-763000.0,
2023-12-31,2344,,,324487000.0,13715891000.0,-0.1,-374886000.0,,5457778000.0,,,-29978000.0,,-29978000.0,,,,,344908000.0,,5883709000.0,-425931000.0,1409826000.0,,,-205722000.0,,19173669000.0,-175744000.0,1379848000.0,,220209000.0,
2024-03-31,2344,,,187952000.0,14559622000.0,-0.11,-464347000.0,,5561729000.0,,,-264761000.0,,-264761000.0,,,,,199586000.0,,5748366000.0,-186637000.0,-882048000.0,,,-426564000.0,,20121351000.0,-161803000.0,-1146809000.0,,-239927000.0,
2024-06-30,2344,,,-202898000.0,14372180000.0,0.41,1723022000.0,,7111803000.0,,,1712611000.0,,1712611000.0,,,,,-10411000.0,,5949329000.0,1162474000.0,-1263781000.0,,,2343453000.0,,21483983000.0,630842000.0,448830000.0,,1180979000.0,
2024-09-30,2344,,,321389000.0,15066094000.0,-0.01,-9437000.0,,6246337000.0,,,-60074000.0,,-60074000.0,,,,,-50637000.0,,5974015000.0,272322000.0,-270170000.0,,,-24931000.0,,21312431000.0,35143000.0,-330244000.0,,-297253000.0,
2024-12-31,2344,,,-210180000.0,13610763000.0,-0.15,-648237000.0,,5081240000.0,,,-678155000.0,,-678155000.0,,,,,-29918000.0,,5821916000.0,-740676000.0,-5450253000.0,,,-780294000.0,,18692003000.0,-102139000.0,-6128408000.0,,-39618000.0,
2025-03-31,2344,,,139707000.0,14870849000.0,-0.24,-1091142000.0,,5121768000.0,,,-986917000.0,,-986917000.0,,,,,104225000.0,,6087135000.0,-965367000.0,-149292000.0,,,-1145815000.0,,19992617000.0,-158898000.0,-1136209000.0,,-180448000.0,
2025-06-30,2344,,,-866839000.0,16255341000.0,-0.29,-1312433000.0,,4762616000.0,,,-1630984000.0,,-1630984000.0,,,,,-318551000.0,,6057638000.0,-1295022000.0,-1943198000.0,,,-1818604000.0,,21017957000.0,-187620000.0,-3574182000.0,,-523582000.0,
2023-09-30,2356,,,-19657000.0,128757420000.0,0.53,1873114000.0,,7083255000.0,,,1841088000.0,,1841088000.0,,,,,-32026000.0,,4932219000.0,2151036000.0,1693106000.0,,,2369035000.0,,135840675000.0,527947000.0,3534194000.0,,217999000.0,
2023-12-31,2356,,,-64307000.0,120756477000.0,0.55,1986716000.0,,7314797000.0,,,1931527000.0,,1931527000.0,,,,,-55189000.0,,4765084000.0,2549713000.0,-1536949000.0,,,1973832000.0,,128071274000.0,42305000.0,394578000.0,,-575881000.0,
2024-03-31,2356,,,3258000.0,123625229000.0,0.3,1089350000.0,,6880736000.0,,,1083336000.0,,1083336000.0,,,,,-6014000.0,,4743431000.0,2137305000.0,3074260000.0,,,1527312000.0,,130505965000.0,443976000.0,4157596000.0,,-609993000.0,
2024-06-30,2356,,,3182000.0,146412207000.0,0.51,1810803000.0,,7746591000.0,,,1811697000.0,,1811697000.0,,,,,894000.0,,5145482000.0,2601109000.0,-155740000.0,,,2180568000.0,,154158798000.0,368871000.0,1655957000.0,,-420541000.0,
2024-09-30,2356,,,-77000.0,155180943000.0,0.56,1997685000.0,,8634447000.0,,,1999445000.0,,1999445000.0,,,,,1760000.0,,5473806000.0,3160641000.0,3696543000.0,,,2514911000.0,,163815390000.0,515466000.0,5695988000.0,,-645730000.0,
2024-12-31,2356,,,4608000.0,187706421000.0,0.66,2369569000.0,,10075380000.0,,,2371740000.0,,2371740000.0,,,,,2171000.0,,6157874000.0,3917506000.0,1728742000.0,,,2987124000.0,,197781801000.0,615384000.0,4100482000.0,,-930382000.0,
2025-03-31,2356,,,4381000.0,147621711000.0,0.47,1703218000.0,,9412625000.0,,,1704073000.0,,1704073000.0,,,,,855000.0,,5939789000.0,3472836000.0,2078377000.0,,,2152323000.0,,157034336000.0,448250000.0,3782450000.0,,-1320513000.0,
2025-06-30,2356,,,-25817000.0,177074625000.0,0.62,2189738000.0,,9502764000.0,,,2194406000.0,,2194406000.0,,,,,4668000.0,,5867583000.0,3635181000.0,-6783182000.0,,,2912053000.0,,186577389000.0,717647000.0,-4588776000.0,,-723128000.0,
2023-09-30,2375,,,0.0,1032187000.0,1.28,139273000.0,,222070000.0,,,139273000.0,,139273000.0,,,,,0.0,,138175000.0,83895000.0,166660000.0,,,174846000.0,,1254257000.0,35573000.0,305933000.0,,90951000.0,
2023-12-31,2375,,,0.0,1023132000.0,-0.61,-66337000.0,,152812000.0,,,-66337000.0,,-66337000.0,,,,,0.0,,125280000.0,27532000.0,-72174000.0,,,-4528000.0,,1175944000.0,61809000.0,-138511000.0,,-32060000.0,
2024-03-31,2375,,,0.0,985688000.0,0.74,80231000.0,,180080000.0,,,80231000.0,,80231000.0,,,,,0.0,,139686000.0,40394000.0,59597000.0,,,114532000.0,,1165768000.0,34301000.0,139828000.0,,74138000.0,
2024-06-30,2375,,,,1138829000.0,1.78,194071000.0,,312259000.0,,,194071000.0,,194071000.0,,,,,,,146580000.0,165679000.0,74393000.0,,,272397000.0,,1451088000.0,78326000.0,268464000.0,,106718000.0,
2024-09-30,2375,,,,1106891000.0,0.96,103456000.0,,273483000.0,,,103456000.0,,103456000.0,,,,,,,151077000.0,122406000.0,67197000.0,,,137569000.0,,1380374000.0,34113000.0,170653000.0,,15163000.0,
2024-12-31,2375,,,,1044448000.0,1.07,116949000.0,,222290000.0,,,116949000.0,,116949000.0,,,,,,,139608000.0,82682000.0,106442000.0,,,155508000.0,,1266738000.0,38559000.0,223391000.0,,72826000.0,
2025-03-31,2375,,,,1037881000.0,1.22,133009000.0,,256598000.0,,,133009000.0,,133009000.0,,,,,,,148445000.0,108153000.0,129480000.0,,,178543000.0,,1294479000.0,45534000.0,262489000.0,,70390000.0,
2025-06-30,2375,,,,1170713000.0,0.2,21121000.0,,305546000.0,,,21121000.0,,21121000.0,,,,,,,152142000.0,153404000.0,-793647000.0,,,98215000.0,,1476259000.0,77094000.0,-772526000.0,,-55189000.0,
2023-09-30,2431,,,,164347000.0,-0.15,-16054000.0,,3300000.0,,,-16054000.0,,-16054000.0,,,,,,,30037000.0,-26737000.0,24332000.0,,,-16020000.0,,167647000.0,34000.0,8278000.0,,10717000.0,
2023-12-31,2431,,,,150462000.0,-0.38,-42477000.0,,-21386000.0,,,-42477000.0,,-42477000.0,,,,,,,27031000.0,-48417000.0,-24113000.0,,,-34895000.0,,129076000.0,7582000.0,-66590000.0,,13522000.0,
2024-03-31,2431,,,,104100000.0,-0.19,-20828000.0,,-3504000.0,,,-20828000.0,,-20828000.0,,,,,,,26013000.0,-29517000.0,26285000.0,,,-20828000.0,,100596000.0,0.0,5457000.0,,8689000.0,
2024-06-30,2431,,,,88072000.0,-0.14,-15692000.0,,-1444000.0,,,-15692000.0,,-15692000.0,,,,,,,26240000.0,-27684000.0,6860000.0,,,-15796000.0,,86628000.0,-104000.0,-8832000.0,,11888000.0,
2024-09-30,2431,,,,116319000.0,-0.15,-16777000.0,,-4123000.0,,,-16777000.0,,-16777000.0,,,,,,,26114000.0,-30237000.0,55509000.0,,,-16611000.0,,112196000.0,166000.0,38732000.0,,13626000.0,
2024-12-31,2431,,,,107333000.0,-0.15,-16828000.0,,-3111000.0,,,-16828000.0,,-16828000.0,,,,,,,25866000.0,-28977000.0,7531000.0,,,-16818000.0,,104222000.0,10000.0,-9297000.0,,12159000.0,
2025-03-31,2431,,,,113725000.0,-0.11,-12047000.0,,2163000.0,,,-12047000.0,,-12047000.0,,,,,,,25582000.0,-23419000.0,-22983000.0,,,-12047000.0,,115888000.0,0.0,-35030000.0,,11372000.0,
2025-06-30,2431,,,,106876000.0,-0.2,-21974000.0,,-1081000.0,,,-21974000.0,,-21974000.0,,,,,,,26344000.0,-27425000.0,-71434000.0,,,-21962000.0,,105795000.0,12000.0,-93408000.0,,5463000.0,
2023-09-30,2492,,,330246000.0,7012535000.0,2.18,1059938000.0,,1677640000.0,,,1310617000.0,,1310617000.0,,,,,250679000.0,,1068757000.0,608883000.0,1379166000.0,,,1585546000.0,,8690175000.0,274929000.0,2689783000.0,,976663000.0,
2023-12-31,2492,,,76124000.0,6368132000.0,-0.4,-192865000.0,,1691205000.0,,,-117221000.0,,-117221000.0,,,,,75644000.0,,989761000.0,701444000.0,-628568000.0,,,292834000.0,,8059337000.0,410055000.0,-745789000.0,,-408610000.0,
2024-03-31,2492,,,322883000.0,6715035000.0,1.27,617458000.0,,1436285000.0,,,839407000.0,,839407000.0,,,,,221949000.0,,1031778000.0,404507000.0,1441093000.0,,,1392282000.0,,8151320000.0,552875000.0,2280500000.0,,987775000.0,
2024-06-30,2492,,,352240000.0,7164341000.0,2.07,999897000.0,,1726849000.0,,,1269364000.0,,1269364000.0,,,,,269467000.0,,1137850000.0,588999000.0,430040000.0,,,1525271000.0,,8891190000.0,255907000.0,1699404000.0,,936272000.0,
2024-09-30,2492,,,15063000.0,7458906000.0,0.91,445436000.0,,1891870000.0,,,524538000.0,,524538000.0,,,,,79102000.0,,1047092000.0,844778000.0,-351447000.0,,,582342000.0,,9350776000.0,57804000.0,173091000.0,,-262436000.0,
2024-12-31,2492,,,42171000.0,6936143000.0,1.9,919716000.0,,1425612000.0,,,1195399000.0,,1195399000.0,,,,,275683000.0,,1081699000.0,343913000.0,-1541231000.0,,,1463834000.0,,8361755000.0,268435000.0,-345832000.0,,1119921000.0,
2025-03-31,2492,,,223572000.0,7240255000.0,1.21,585336000.0,,1499759000.0,,,775779000.0,,775779000.0,,,,,190443000.0,,1015527000.0,484232000.0,31787000.0,,,957344000.0,,8740014000.0,181565000.0,807566000.0,,473112000.0,
2025-06-30,2492,,,-406867000.0,7931564000.0,-0.45,-214892000.0,,1622923000.0,,,-249622000.0,,-249622000.0,,,,,-34730000.0,,1067858000.0,555065000.0,-4398176000.0,,,-227046000.0,,9554487000.0,22576000.0,-4647798000.0,,-782111000.0,
2023-09-30,2753,,,-2022000.0,1267914000.0,2.24,148747000.0,,657325000.0,,,144036000.0,,144036000.0,,,,,-4711000.0,,483345000.0,173980000.0,29809000.0,,,185131000.0,,1925239000.0,41095000.0,173845000.0,,11151000.0,
2023-12-31,2753,,,-8655000.0,1266200000.0,1.94,128646000.0,,650505000.0,,,123518000.0,,123518000.0,,,,,-5128000.0,,494862000.0,155643000.0,-31095000.0,,,137025000.0,,1916705000.0,13507000.0,92423000.0,,-18618000.0,
2024-03-31,2753,,,6641000.0,1239157000.0,2.36,157123000.0,,688250000.0,,,160876000.0,,160876000.0,,,,,3753000.0,,512416000.0,175834000.0,26776000.0,,,205005000.0,,1927407000.0,44129000.0,187652000.0,,29171000.0,
2024-06-30,2753,,,-4073000.0,1249848000.0,2.1,139375000.0,,664270000.0,,,134363000.0,,134363000.0,,,,,-5012000.0,,501216000.0,163054000.0,9284000.0,,,174095000.0,,1914118000.0,39732000.0,143647000.0,,11041000.0,
2024-09-30,2753,,,-6255000.0,1346979000.0,2.18,144990000.0,,703570000.0,,,141053000.0,,141053000.0,,,,,-3937000.0,,517491000.0,186079000.0,-12800000.0,,,179574000.0,,2050549000.0,38521000.0,128253000.0,,-6505000.0,
2024-12-31,2753,,,199000.0,1414180000.0,2.41,160528000.0,,721731000.0,,,154806000.0,,154806000.0,,,,,-5722000.0,,525162000.0,196569000.0,34375000.0,,,197934000.0,,2135911000.0,43128000.0,189181000.0,,1365000.0,
2025-03-31,2753,,,-1726000.0,1409984000.0,2.93,194957000.0,,767365000.0,,,189318000.0,,189318000.0,,,,,-5639000.0,,526345000.0,241020000.0,17687000.0,,,234956000.0,,2177349000.0,45638000.0,207005000.0,,-6064000.0,
2025-06-30,2753,,,-44294000.0,1348316000.0,2.88,192581000.0,,759451000.0,,,183760000.0,,183760000.0,,,,,-8821000.0,,518319000.0,241132000.0,-158397000.0,,,233156000.0,,2107767000.0,49396000.0,25363000.0,,-7976000.0,
2023-09-30,2812,,334985000.0,,,0.35,1829155000.0,,,,1829155000.0,,2207509000.0,1829155000.0,,,2980816000.0,1458454000.0,,,1896776000.0,,-276006000.0,,1553149000.0,,,,378354000.0,,,,
2023-12-31,2812,,349408000.0,,,0.37,1915770000.0,,,,1915770000.0,,2344370000.0,1915770000.0,,,2796970000.0,1752983000.0,,,1856175000.0,,1300061000.0,,3215831000.0,,,,428600000.0,,,,
2024-03-31,2812,,260784000.0,,,0.4,2089809000.0,,,,2089809000.0,,2489219000.0,2089809000.0,,,2933423000.0,1744017000.0,,,1927437000.0,,318583000.0,,2408392000.0,,,,399410000.0,,,,
2024-06-30,2812,,222396000.0,,,0.38,2206352000.0,,,,2206352000.0,,2599504000.0,2206352000.0,,,2992191000.0,1895198000.0,,,2065489000.0,,-688660000.0,,1517692000.0,,,,393152000.0,,,,
2024-09-30,2812,,379487000.0,,,0.37,2051235000.0,,,,2051235000.0,,2425194000.0,2051235000.0,,,3020534000.0,1886197000.0,,,2102050000.0,,1248003000.0,,3299238000.0,,,,373959000.0,,,,
2024-12-31,2812,,238059000.0,,,0.35,1944467000.0,,,,1944467000.0,,2388791000.0,1944467000.0,,,3304514000.0,1523145000.0,,,2200809000.0,,-1502951000.0,,441516000.0,,,,444324000.0,,,,
2025-03-31,2812,,183167000.0,,,0.39,2174483000.0,,,,2174483000.0,,2614903000.0,2174483000.0,,,3225670000.0,1790634000.0,,,2218234000.0,,-5914000.0,,2168569000.0,,,,440420000.0,,,,
2025-06-30,2812,,28515000.0,,,0.37,2045478000.0,,,,2045478000.0,,2468383000.0,2045478000.0,,,3159463000.0,1467733000.0,,,2130298000.0,,400101000.0,,2445579000.0,,,,422905000.0,,,,
2023-09-30,2832,,,,997370000.0,0.88,,,,,,318961000.0,,318961000.0,,,,,,,374030000.0,396423000.0,,-31523000.0,,395969000.0,,1767823000.0,77008000.0,287438000.0,,-454000.0,
2023-12-31,2832,,,,1108009000.0,0.35,,,,,,127733000.0,,127733000.0,,,,,,,403555000.0,142112000.0,,183680000.0,,142184000.0,,1653676000.0,14451000.0,311413000.0,,72000.0,
2024-03-31,2832,,,,992343000.0,1.11,,,,,,400600000.0,,400600000.0,,,,,,,383336000.0,488084000.0,,228928000.0,,485719000.0,,1863763000.0,85119000.0,629528000.0,,-2365000.0,
2024-06-30,2832,,,,1105184000.0,0.81,,,,,,294268000.0,,294268000.0,,,,,,,365461000.0,344013000.0,,238581000.0,,343592000.0,,1814658000.0,49324000.0,532849000.0,,-421000.0,
2024-09-30,2832,,,,1216068000.0,0.81,,,,,,292945000.0,,292945000.0,,,,,,,389928000.0,323396000.0,,1534000.0,,323068000.0,,1929392000.0,30123000.0,294479000.0,,-328000.0,
2024-12-31,2832,,,,1138909000.0,0.48,,,,,,174516000.0,,174516000.0,,,,,,,368501000.0,225052000.0,,-71077000.0,,226851000.0,,1732462000.0,52335000.0,103439000.0,,1799000.0,
2025-03-31,2832,,,,1027646000.0,0.94,,,,,,340726000.0,,340726000.0,,,,,,,410773000.0,425634000.0,,-57901000.0,,424318000.0,,1864053000.0,83592000.0,282825000.0,,-1316000.0,
2025-06-30,2832,,,,978834000.0,0.62,,,,,,222947000.0,,222947000.0,,,,,,,414851000.0,286250000.0,,-8048000.0,,285983000.0,,1679935000.0,63036000.0,214899000.0,,-267000.0,
2023-09-30,2855,,,4394000.0,,0.56,822637000.0,1999603000.0,,2620807000.0,,825941000.0,,825941000.0,,,,,3304000.0,,,621204000.0,,,19328000.0,863107000.0,,,37166000.0,845269000.0,241903000.0,,
2023-12-31,2855,,,-439000.0,,0.3,428291000.0,1889132000.0,,2191834000.0,,430941000.0,,430941000.0,,,,,2650000.0,,,302702000.0,,,1794000.0,538113000.0,,,107172000.0,432735000.0,235411000.0,,
2024-03-31,2855,,,3691000.0,,1.19,1725653000.0,2405392000.0,,3998116000.0,,1728458000.0,,1728458000.0,,,,,2805000.0,,,1592724000.0,,,171688000.0,1844196000.0,,,115738000.0,1900146000.0,251472000.0,,
2024-06-30,2855,,,7050000.0,,0.92,1343991000.0,2394057000.0,,3600361000.0,,1347026000.0,,1347026000.0,,,,,3035000.0,,,1206304000.0,,,322402000.0,1496957000.0,,,149931000.0,1669428000.0,290653000.0,,
2024-09-30,2855,,,2817000.0,,0.37,539765000.0,2320875000.0,,2660682000.0,,543651000.0,,543651000.0,,,,,3886000.0,,,339807000.0,,,144626000.0,662845000.0,,,119194000.0,688277000.0,323038000.0,,
2024-12-31,2855,,,6142000.0,,0.52,763645000.0,2248219000.0,,2770822000.0,,767657000.0,,767657000.0,,,,,4012000.0,,,522603000.0,,,155302000.0,925528000.0,,,157871000.0,922959000.0,402925000.0,,
2025-03-31,2855,,,6379000.0,,-0.05,-67237000.0,1991190000.0,,1728323000.0,,-62882000.0,,-62882000.0,,,,,4355000.0,,,-262867000.0,,,98673000.0,50497000.0,,,113379000.0,35791000.0,313364000.0,,
2025-06-30,2855,,,5372000.0,,0.38,587786000.0,2046943000.0,,2311393000.0,,593340000.0,,593340000.0,,,,,5554000.0,,,264450000.0,,,-197626000.0,701770000.0,,,108430000.0,395714000.0,437320000.0,,
2023-09-30,2885,,106059000.0,851171000.0,,0.67,8562428000.0,,,,9149188000.0,,,9149188000.0,,3682849000.0,7949369000.0,19740494000.0,586760000.0,,13079799000.0,,,,3118716000.0,10821156000.0,,27689863000.0,1671968000.0,12267904000.0,,,
2023-12-31,2885,,203734000.0,408863000.0,,0.24,3034229000.0,,,,3539510000.0,,,3539510000.0,,2765430000.0,7493287000.0,12774129000.0,505281000.0,,12578083000.0,,,,5556032000.0,4720169000.0,,20267416000.0,1180659000.0,9095542000.0,,,
2024-03-31,2885,,314737000.0,741857000.0,,0.73,9235010000.0,,,,9958484000.0,,,9958484000.0,,4136147000.0,7609146000.0,23406657000.0,723474000.0,,14572883000.0,,,,3093408000.0,11992036000.0,,31015803000.0,2033552000.0,13051892000.0,,,
2024-06-30,2885,,439763000.0,323239000.0,,0.63,8425973000.0,,,,8875125000.0,,,8875125000.0,,2299917000.0,8189353000.0,19794301000.0,449152000.0,,14397670000.0,,,,2448121000.0,10846304000.0,,27983654000.0,1971179000.0,11323246000.0,,,
2024-09-30,2885,,874282000.0,1151418000.0,,0.73,9434032000.0,,,,10159375000.0,,,10159375000.0,,2366753000.0,8404847000.0,22592257000.0,725343000.0,,15815346000.0,,,,6509296000.0,11940723000.0,,30997104000.0,1781348000.0,16668671000.0,,,
2024-12-31,2885,,545488000.0,-500975000.0,,0.68,8734899000.0,,,,9319420000.0,,,9319420000.0,,3802329000.0,8919421000.0,21783700000.0,584521000.0,,15382246000.0,,,,-7467970000.0,10973058000.0,,30703121000.0,1653638000.0,1851450000.0,,,
2025-03-31,2885,,502816000.0,655131000.0,,0.59,7638340000.0,,,,8200764000.0,,,8200764000.0,,6095645000.0,9205994000.0,22019586000.0,562424000.0,,14560804000.0,,,,984018000.0,10066315000.0,,31225580000.0,1865551000.0,9184782000.0,,,
2025-06-30,2885,,130952000.0,475080000.0,,0.63,8589919000.0,,,,9306590000.0,,,9306590000.0,,-2763184000.0,9398543000.0,14355836000.0,716671000.0,,15449419000.0,,,,-3265328000.0,10937192000.0,,23754379000.0,1630602000.0,6041262000.0,,,
2023-09-30,3006,,,14520000.0,2949551000.0,-0.57,-159650000.0,,71988000.0,,,-145130000.0,,-145130000.0,,,,,14520000.0,,450977000.0,-378989000.0,1146000.0,,,-144965000.0,,3021539000.0,165000.0,-143984000.0,,234024000.0,
2023-12-31,3006,,,-815000.0,3075416000.0,-2.11,-593205000.0,,89058000.0,,,-594020000.0,,-594020000.0,,,,,-815000.0,,502321000.0,-413263000.0,-467000.0,,,-611773000.0,,3164474000.0,-17753000.0,-594487000.0,,-198510000.0,
2024-03-31,3006,,,-756000.0,3146551000.0,-0.21,-57959000.0,,191411000.0,,,-58715000.0,,-58715000.0,,,,,-756000.0,,462666000.0,-271255000.0,7582000.0,,,-57275000.0,,3337962000.0,1440000.0,-51133000.0,,213980000.0,
2024-06-30,3006,,,104000.0,3019202000.0,0.88,246166000.0,,560646000.0,,,246270000.0,,246270000.0,,,,,104000.0,,560022000.0,624000.0,136000.0,,,247839000.0,,3579848000.0,1569000.0,246406000.0,,247215000.0,
2024-09-30,3006,,,84000.0,2858764000.0,0.74,208024000.0,,553745000.0,,,208108000.0,,208108000.0,,,,,84000.0,,512836000.0,40909000.0,-1642000.0,,,228054000.0,,3412509000.0,19946000.0,206466000.0,,187145000.0,
2024-12-31,3006,,,92000.0,2828032000.0,0.39,108884000.0,,326817000.0,,,108976000.0,,108976000.0,,,,,92000.0,,491986000.0,-165169000.0,3726000.0,,,112229000.0,,3154849000.0,3253000.0,112702000.0,,277398000.0,
2025-03-31,3006,,,14000.0,2559836000.0,-0.27,-76190000.0,,343099000.0,,,-76176000.0,,-76176000.0,,,,,14000.0,,498985000.0,-155886000.0,-5798000.0,,,-77474000.0,,2902935000.0,-1298000.0,-81974000.0,,78412000.0,
2025-06-30,3006,,,16000.0,3161731000.0,-2.59,-726945000.0,,126698000.0,,,-726929000.0,,-726929000.0,,,,,16000.0,,517407000.0,-390709000.0,-26603000.0,,,-754208000.0,,3288429000.0,-27279000.0,-753532000.0,,-363499000.0,
2023-09-30,3026,,,-31348000.0,2864501000.0,1.09,181920000.0,,591550000.0,,,149364000.0,,149364000.0,,,,,-32556000.0,,396337000.0,195213000.0,44334000.0,,,199688000.0,,3456051000.0,50324000.0,193698000.0,,4475000.0,
2023-12-31,3026,,,-67421000.0,2539666000.0,0.45,73353000.0,,385090000.0,,,3501000.0,,3501000.0,,,,,-69852000.0,,411616000.0,-26526000.0,-37674000.0,,,-34529000.0,,2924756000.0,-38030000.0,-34173000.0,,-8003000.0,
2024-03-31,3026,,,-12443000.0,2438441000.0,1.31,217745000.0,,501046000.0,,,207143000.0,,207143000.0,,,,,-10602000.0,,340034000.0,161012000.0,26649000.0,,,266797000.0,,2939487000.0,59654000.0,233792000.0,,105785000.0,
2024-06-30,3026,,,-34679000.0,2717158000.0,1.38,229024000.0,,522165000.0,,,192937000.0,,192937000.0,,,,,-36087000.0,,370338000.0,151827000.0,12085000.0,,,247786000.0,,3239323000.0,54849000.0,205022000.0,,95959000.0,
2024-09-30,3026,,,35260000.0,2829380000.0,1.8,298488000.0,,581850000.0,,,330994000.0,,330994000.0,,,,,32506000.0,,387235000.0,194615000.0,6341000.0,,,406210000.0,,3411230000.0,75216000.0,337335000.0,,211595000.0,
2024-12-31,3026,,,-35067000.0,2711830000.0,1.38,228017000.0,,483950000.0,,,195281000.0,,195281000.0,,,,,-32736000.0,,370663000.0,113287000.0,9091000.0,,,182255000.0,,3195780000.0,-13026000.0,204372000.0,,68968000.0,
2025-03-31,3026,,,-20393000.0,2739270000.0,1.68,278494000.0,,662722000.0,,,255853000.0,,255853000.0,,,,,-22641000.0,,342207000.0,320515000.0,28610000.0,,,292130000.0,,3401992000.0,36277000.0,284463000.0,,-28385000.0,
2025-06-30,3026,,,5347000.0,2623915000.0,1.39,229970000.0,,648178000.0,,,237365000.0,,237365000.0,,,,,7395000.0,,351580000.0,296598000.0,-153151000.0,,,295175000.0,,3272093000.0,57810000.0,84214000.0,,-1423000.0,
2023-09-30,3036,,,24479000.0,162198530000.0,1.45,1280086000.0,,5061271000.0,,,1272719000.0,,1272719000.0,,,,,-7367000.0,,2802259000.0,2259012000.0,3371206000.0,,,1622502000.0,,167259801000.0,349783000.0,4643925000.0,,-636510000.0,
2023-12-31,3036,,,-117921000.0,184699797000.0,1.18,1043648000.0,,4996210000.0,,,966647000.0,,966647000.0,,,,,-77001000.0,,3079650000.0,1916560000.0,3046851000.0,,,1260038000.0,,189696007000.0,293391000.0,4013498000.0,,-656522000.0,
2024-03-31,3036,,,58969000.0,187781750000.0,1.57,1590013000.0,,4869623000.0,,,1616334000.0,,1616334000.0,,,,,26321000.0,,2259098000.0,2610525000.0,5028409000.0,,,1982470000.0,,192651373000.0,366136000.0,6644743000.0,,-628055000.0,
2024-06-30,3036,,,39492000.0,232654111000.0,1.71,2150007000.0,,10992997000.0,,,2178334000.0,,2178334000.0,,,,,28327000.0,,6729064000.0,4263933000.0,742930000.0,,,2992019000.0,,243647108000.0,813685000.0,2921264000.0,,-1271914000.0,
2024-09-30,3036,,,-51915000.0,250300456000.0,2.57,2835990000.0,,10955356000.0,,,2805546000.0,,2805546000.0,,,,,-30444000.0,,6781525000.0,4173831000.0,-7602926000.0,,,3557175000.0,,261255812000.0,751629000.0,-4797380000.0,,-616656000.0,
2024-12-31,3036,,,99165000.0,251093510000.0,2.28,2536146000.0,,10784094000.0,,,2605871000.0,,2605871000.0,,,,,69725000.0,,6568063000.0,4216031000.0,7901545000.0,,,3303120000.0,,261877604000.0,697249000.0,10507416000.0,,-912911000.0,
2025-03-31,3036,,,17954000.0,236103170000.0,2.42,2706964000.0,,11321287000.0,,,2711816000.0,,2711816000.0,,,,,4852000.0,,6750781000.0,4570506000.0,1117518000.0,,,3501447000.0,,247424457000.0,789631000.0,3829334000.0,,-1069059000.0,
2025-06-30,3036,,,-108083000.0,248286114000.0,2.28,2830135000.0,,11217236000.0,,,2839141000.0,,2839141000.0,,,,,9006000.0,,6556874000.0,4660362000.0,-24172871000.0,,,3950808000.0,,259503350000.0,1111667000.0,-21333730000.0,,-709554000.0,
2023-09-30,3037,,,105307000.0,21315715000.0,1.7,2589228000.0,,5229941000.0,,,2644079000.0,,2644079000.0,,,,,54851000.0,7597000.0,2969764000.0,2267774000.0,1636725000.0,,,3371473000.0,,26545656000.0,727394000.0,4280804000.0,,1103699000.0,
2023-12-31,3037,,,104967000.0,21181148000.0,1.91,2906923000.0,,4508234000.0,,,2918796000.0,,2918796000.0,,,,,11873000.0,80116000.0,3197917000.0,1390433000.0,-1331038000.0,,,3573429000.0,,25689382000.0,654633000.0,1587758000.0,,2182996000.0,
2024-03-31,3037,,,422809000.0,22110693000.0,1.6,2433573000.0,,4292126000.0,,,2661737000.0,,2661737000.0,,,,,228164000.0,12639000.0,2726479000.0,1578286000.0,1674934000.0,,,3356932000.0,,26402819000.0,695195000.0,4336671000.0,,1778646000.0,
2024-06-30,3037,,,177254000.0,24194183000.0,1.05,1595286000.0,,3683214000.0,,,1731434000.0,,1731434000.0,,,,,136148000.0,14522000.0,2800736000.0,897000000.0,461025000.0,,,2130391000.0,,27877397000.0,398957000.0,2192459000.0,,1233391000.0,
2024-09-30,3037,,,88944000.0,26770458000.0,0.65,997140000.0,,4941696000.0,,,1090376000.0,,1090376000.0,,,,,93236000.0,15867000.0,2995541000.0,1962022000.0,-123406000.0,,,1514406000.0,,31712154000.0,424030000.0,966970000.0,,-447616000.0,
2024-12-31,3037,,,-84305000.0,25982787000.0,0.04,56064000.0,,3398125000.0,,,72467000.0,,72467000.0,,,,,16403000.0,23138000.0,2741894000.0,679369000.0,90740000.0,,,318981000.0,,29380912000.0,246514000.0,163207000.0,,-360388000.0,
2025-03-31,3037,,,123462000.0,26063438000.0,0.6,914544000.0,,4026094000.0,,,923561000.0,,923561000.0,,,,,9017000.0,53810000.0,2813089000.0,1266815000.0,793667000.0,,,1373359000.0,,30089532000.0,449798000.0,1717228000.0,,106544000.0,
2025-06-30,3037,,,-389815000.0,28220529000.0,0.02,29607000.0,,4245516000.0,,,260125000.0,,260125000.0,,,,,230518000.0,6860000.0,2743019000.0,1509357000.0,-5428900000.0,,,356754000.0,,32466045000.0,96629000.0,-5168775000.0,,-1152603000.0,
2023-09-30,3138,,,0.0,265607000.0,1.55,72438000.0,,198539000.0,,,72438000.0,,72438000.0,,,,,0.0,,135168000.0,63371000.0,20390000.0,,,92497000.0,,464146000.0,20059000.0,92828000.0,,29126000.0,
2023-12-31,3138,,,-648000.0,282858000.0,0.86,40114000.0,,229122000.0,,,39466000.0,,39466000.0,,,,,-648000.0,,176740000.0,52382000.0,-35461000.0,,,52157000.0,,511980000.0,12691000.0,4005000.0,,-225000.0,
2024-03-31,3138,,,-540000.0,227404000.0,0.33,16006000.0,,139925000.0,,,15466000.0,,15466000.0,,,,,-540000.0,,131236000.0,8689000.0,39620000.0,,,23343000.0,,367329000.0,7877000.0,55086000.0,,14654000.0,
2024-06-30,3138,,,-769000.0,241768000.0,0.86,43256000.0,,177474000.0,,,42487000.0,,42487000.0,,,,,-769000.0,,144948000.0,32526000.0,2961000.0,,,52076000.0,,419242000.0,9589000.0,45448000.0,,19550000.0,
2024-09-30,3138,,,-592000.0,275202000.0,1.04,51991000.0,,195642000.0,,,51399000.0,,51399000.0,,,,,-592000.0,,152092000.0,43550000.0,6415000.0,,,60870000.0,,470844000.0,9471000.0,57814000.0,,17320000.0,
2024-12-31,3138,,,103000.0,265802000.0,0.82,40969000.0,,184373000.0,,,41072000.0,,41072000.0,,,,,103000.0,,182323000.0,2050000.0,12681000.0,,,36949000.0,,450175000.0,-4123000.0,53753000.0,,34899000.0,
2025-03-31,3138,,,-871000.0,202252000.0,-0.21,-10516000.0,,120734000.0,,,-11387000.0,,-11387000.0,,,,,-871000.0,,135748000.0,-15014000.0,60378000.0,,,-10295000.0,,322986000.0,1092000.0,48991000.0,,4719000.0,
2025-06-30,3138,,,-397000.0,246388000.0,-0.62,-30998000.0,,172663000.0,,,-31395000.0,,-31395000.0,,,,,-397000.0,,157643000.0,15020000.0,-95626000.0,,,-27916000.0,,419051000.0,3479000.0,-127021000.0,,-42936000.0,
2023-09-30,3149,,,,472453000.0,-0.27,-25065000.0,,13423000.0,,,-25065000.0,,-25065000.0,,,,,,,65854000.0,-52431000.0,4108000.0,,,-25065000.0,,485876000.0,0.0,-20957000.0,,27366000.0,
2023-12-31,3149,,,,471713000.0,-0.39,-56463000.0,,22743000.0,,,-56463000.0,,-56463000.0,,,,,,,70294000.0,-47551000.0,-4069000.0,,,-56463000.0,,494456000.0,0.0,-60532000.0,,-8912000.0,
2024-03-31,3149,,,,392905000.0,-0.05,-7480000.0,,19986000.0,,,-7480000.0,,-7480000.0,,,,,,,58339000.0,-38353000.0,3623000.0,,,-7480000.0,,412891000.0,0.0,-3857000.0,,30873000.0,
2024-06-30,3149,,,,524316000.0,-0.29,-43885000.0,,40371000.0,,,-43885000.0,,-43885000.0,,,,,,,104147000.0,-63776000.0,1280000.0,,,-43885000.0,,564687000.0,0.0,-42605000.0,,19891000.0,
2024-09-30,3149,,,,615997000.0,-0.28,-50325000.0,,23319000.0,,,-50325000.0,,-50325000.0,,,,,,,75539000.0,-52220000.0,-827000.0,,,-50322000.0,,639316000.0,3000.0,-51152000.0,,1898000.0,
2024-12-31,3149,,,,605501000.0,-0.83,-139069000.0,,-59214000.0,,,-139069000.0,,-139069000.0,,,,,,,75550000.0,-134764000.0,1406000.0,,,-137018000.0,,546287000.0,2051000.0,-137663000.0,,-2254000.0,
2025-03-31,3149,,,,548342000.0,-0.78,-146006000.0,,-77665000.0,,,-146006000.0,,-146006000.0,,,,,,,74793000.0,-152458000.0,2624000.0,,,-146006000.0,,470677000.0,0.0,-143382000.0,,6452000.0,
2025-06-30,3149,,,,614802000.0,-0.8,-164792000.0,,-48844000.0,,,-164792000.0,,-164792000.0,,,,,,,89438000.0,-138282000.0,-20007000.0,,,-164792000.0,,565958000.0,0.0,-184799000.0,,-26510000.0,
2023-09-30,3231,,,2198856000.0,199997968000.0,1.67,4702410000.0,,17042300000.0,,,6193311000.0,,6193311000.0,,,,,1490901000.0,,10245931000.0,6796369000.0,3884367000.0,,,8394459000.0,,217040268000.0,2201148000.0,10077678000.0,,1598090000.0,
2023-12-31,3231,,,1035487000.0,209127994000.0,1.18,3337124000.0,,21411578000.0,,,5315541000.0,,5315541000.0,,,,,1978417000.0,,10876577000.0,10535001000.0,-5695660000.0,,,7122482000.0,,230539572000.0,1806941000.0,-380119000.0,,-3412519000.0,
2024-03-31,3231,,,3594158000.0,222095184000.0,1.24,3523540000.0,,17229962000.0,,,6207846000.0,,6207846000.0,,,,,2684306000.0,,10170542000.0,7059420000.0,5107268000.0,,,8007289000.0,,239325146000.0,1799443000.0,11315114000.0,,947869000.0,
2024-06-30,3231,,,2825769000.0,220123505000.0,1.55,4412186000.0,,20083104000.0,,,7073300000.0,,7073300000.0,,,,,2661114000.0,,11430666000.0,8652438000.0,1250935000.0,,,9125212000.0,,240206609000.0,2051912000.0,8324235000.0,,472774000.0,
2024-09-30,3231,,,3228439000.0,249797576000.0,1.47,4198602000.0,,22744689000.0,,,7895498000.0,,7895498000.0,,,,,3696896000.0,,11335621000.0,11409068000.0,-3308313000.0,,,10188887000.0,,272542265000.0,2293389000.0,4587185000.0,,-1220181000.0,
2024-12-31,3231,,,4863808000.0,273148673000.0,1.85,5311263000.0,,24033088000.0,,,9459587000.0,,9459587000.0,,,,,4148324000.0,,12175488000.0,11857600000.0,4797517000.0,,,12654088000.0,,297181761000.0,3194501000.0,14257104000.0,,796488000.0,
2025-03-31,3231,,,6373719000.0,319429510000.0,1.85,5331457000.0,,27055559000.0,,,11169128000.0,,11169128000.0,,,,,5837671000.0,,11905616000.0,15149943000.0,1442434000.0,,,14806826000.0,,346485069000.0,3637698000.0,12611562000.0,,-343117000.0,
2025-06-30,3231,,,3450450000.0,526837963000.0,2.21,6503888000.0,,24453488000.0,,,13737544000.0,,13737544000.0,,,,,7233656000.0,,13666144000.0,10787344000.0,-16177551000.0,,,18143315000.0,,551291451000.0,4405771000.0,-2440007000.0,,7355971000.0,
2023-09-30,3380,,,40855000.0,4674810000.0,0.16,83394000.0,,1186591000.0,,,74619000.0,,74619000.0,,,,,-8775000.0,,1081742000.0,104849000.0,267253000.0,,,123013000.0,,5861401000.0,48394000.0,341872000.0,,18164000.0,
2023-12-31,3380,,,-5146000.0,5533770000.0,0.09,51710000.0,,1262355000.0,,,100679000.0,,100679000.0,,,,,48969000.0,,1131272000.0,131083000.0,-246249000.0,,,119667000.0,,6796125000.0,18988000.0,-145570000.0,,-11416000.0,
2024-03-31,3380,,,57379000.0,4172315000.0,0.12,66508000.0,,1007885000.0,,,79759000.0,,79759000.0,,,,,13251000.0,,910832000.0,97053000.0,228714000.0,,,103000000.0,,5180200000.0,23241000.0,308473000.0,,5947000.0,
2024-06-30,3380,,,38097000.0,4759784000.0,0.49,262948000.0,,924676000.0,,,291695000.0,,291695000.0,,,,,28747000.0,,1019550000.0,-94874000.0,54188000.0,,,367457000.0,,5684460000.0,75762000.0,345883000.0,,462331000.0,
2024-09-30,3380,,,-2801000.0,3984982000.0,-0.05,-28037000.0,,965995000.0,,,-8351000.0,,-8351000.0,,,,,19686000.0,,919538000.0,46457000.0,-58254000.0,,,-14527000.0,,4950977000.0,-6176000.0,-66605000.0,,-60984000.0,
2024-12-31,3380,,,92461000.0,4597145000.0,-0.16,-82792000.0,,1030843000.0,,,-21104000.0,,-21104000.0,,,,,61688000.0,,971892000.0,58951000.0,49339000.0,,,59026000.0,,5627988000.0,80130000.0,28235000.0,,75000.0,
2025-03-31,3380,,,13187000.0,3693754000.0,-0.2,-106038000.0,,830404000.0,,,-107793000.0,,-107793000.0,,,,,-1755000.0,,939121000.0,-108717000.0,95426000.0,,,-131509000.0,,4524158000.0,-23716000.0,-12367000.0,,-22792000.0,
2025-06-30,3380,,,-154853000.0,4825669000.0,-0.19,-104709000.0,,868339000.0,,,-139084000.0,,-139084000.0,,,,,-34375000.0,,997220000.0,-128881000.0,-692395000.0,,,-174749000.0,,5694008000.0,-35665000.0,-831479000.0,,-45868000.0,
2023-09-30,3419,,,-1184000.0,317621000.0,-0.27,-32246000.0,,47888000.0,,,-33430000.0,,-33430000.0,,,,,-1184000.0,-737000.0,103985000.0,-56834000.0,16082000.0,,,-35178000.0,,365509000.0,-1748000.0,-17348000.0,,21656000.0,
2023-12-31,3419,,,-1042000.0,262322000.0,-0.69,-82685000.0,,54284000.0,,,-83727000.0,,-83727000.0,,,,,-1042000.0,61000.0,107677000.0,-53332000.0,-21583000.0,,,-81117000.0,,316606000.0,2610000.0,-105310000.0,,-27785000.0,
2024-03-31,3419,,,-683000.0,276278000.0,-0.28,-34170000.0,,52128000.0,,,-34853000.0,,-34853000.0,,,,,-683000.0,-71000.0,103325000.0,-51268000.0,11038000.0,,,-34853000.0,,328406000.0,,-23815000.0,,16415000.0,
2024-06-30,3419,,,0.0,322145000.0,-0.16,-18812000.0,,78553000.0,,,-18812000.0,,-18812000.0,,,,,0.0,254000.0,114564000.0,-35757000.0,3784000.0,,,-21416000.0,,400698000.0,-2604000.0,-15028000.0,,14341000.0,
2024-09-30,3419,,,0.0,287902000.0,-0.51,-61008000.0,,66191000.0,,,-61008000.0,,-61008000.0,,,,,0.0,17000.0,114552000.0,-48344000.0,9294000.0,,,-61008000.0,,354093000.0,0.0,-51714000.0,,-12664000.0,
2024-12-31,3419,,,0.0,338061000.0,-0.26,-31838000.0,,57988000.0,,,-31838000.0,,-31838000.0,,,,,0.0,-4000.0,119731000.0,-61747000.0,-2649000.0,,,-31838000.0,,396049000.0,0.0,-34487000.0,,29909000.0,
2025-03-31,3419,,,0.0,362231000.0,-0.42,-50232000.0,,51046000.0,,,-50232000.0,,-50232000.0,,,,,0.0,8000.0,107727000.0,-56673000.0,11431000.0,,,-50232000.0,,413277000.0,,-38801000.0,,6441000.0,
2025-06-30,3419,,,0.0,430600000.0,-0.67,-81171000.0,,40656000.0,,,-81171000.0,,-81171000.0,,,,,0.0,-1000.0,111876000.0,-71221000.0,-65458000.0,,,-81119000.0,,471256000.0,52000.0,-146629000.0,,-9898000.0,
2023-09-30,3450,,,99452000.0,1224799000.0,-0.14,-21099000.0,,181788000.0,,,22131000.0,,22131000.0,,,,,43230000.0,-1927000.0,159765000.0,20096000.0,103030000.0,,,56979000.0,,1406587000.0,34848000.0,125161000.0,,36883000.0,
2023-12-31,3450,,,-6984000.0,1217507000.0,-0.01,-1732000.0,,220807000.0,,,40904000.0,,40904000.0,,,,,42636000.0,-1183000.0,147872000.0,71752000.0,-91495000.0,,,47238000.0,,1438314000.0,6334000.0,-50591000.0,,-24514000.0,
2024-03-31,3450,,,119231000.0,1028396000.0,0.31,44437000.0,,257092000.0,,,115259000.0,,115259000.0,,,,,70822000.0,-1428000.0,171495000.0,84169000.0,88711000.0,,,157948000.0,,1285488000.0,42689000.0,203970000.0,,73779000.0,
2024-06-30,3450,,,126553000.0,1310178000.0,0.47,69023000.0,,394675000.0,,,171174000.0,,171174000.0,,,,,102151000.0,-942000.0,174576000.0,219157000.0,44717000.0,,,214476000.0,,1704853000.0,43302000.0,215891000.0,,-4681000.0,
2024-09-30,3450,,,108313000.0,1521831000.0,1.04,151012000.0,,578939000.0,,,271444000.0,,271444000.0,,,,,120432000.0,-3082000.0,217560000.0,358297000.0,-22209000.0,,,332503000.0,,2100770000.0,61059000.0,249235000.0,,-25794000.0,
2024-12-31,3450,,,237771000.0,1646140000.0,2.0,291954000.0,,830410000.0,,,514808000.0,,514808000.0,,,,,222854000.0,-3082000.0,318586000.0,508742000.0,30742000.0,,,590045000.0,,2476550000.0,75237000.0,545550000.0,,81303000.0,
2025-03-31,3450,,,264326000.0,1760721000.0,2.34,340603000.0,,997281000.0,,,575803000.0,,575803000.0,,,,,235200000.0,0.0,333271000.0,664010000.0,53374000.0,,,701438000.0,,2758002000.0,125635000.0,629177000.0,,37428000.0,
2025-06-30,3450,,,-132867000.0,1279330000.0,0.53,77183000.0,,569571000.0,,,132175000.0,,132175000.0,,,,,54992000.0,0.0,157546000.0,412025000.0,-344257000.0,,,207406000.0,,1848901000.0,75231000.0,-212082000.0,,-204619000.0,
2023-09-30,3686,,,,11992000.0,-0.04,-2974000.0,,-244000.0,,,-2974000.0,,-2974000.0,,,,,,,8631000.0,-8875000.0,,,,-2974000.0,,11748000.0,0.0,-2974000.0,,5901000.0,
2023-12-31,3686,,,,18845000.0,-0.09,-7363000.0,,-201000.0,,,-7363000.0,,-7363000.0,,,,,,,6580000.0,-6781000.0,,,,-7363000.0,,18644000.0,0.0,-7363000.0,,-582000.0,
2024-03-31,3686,,,,21928000.0,0.01,402000.0,,-163000.0,,,402000.0,,402000.0,,,,,,,5654000.0,-5817000.0,,,,402000.0,,21765000.0,0.0,402000.0,,6219000.0,
2024-06-30,3686,,,,23608000.0,-0.04,-2631000.0,,-257000.0,,,-2631000.0,,-2631000.0,,,,,,,6584000.0,-6841000.0,,,,-2631000.0,,23351000.0,0.0,-2631000.0,,4210000.0,
2024-09-30,3686,,,,16101000.0,0.06,4852000.0,,-222000.0,,,4852000.0,,4852000.0,,,,,,,6399000.0,-6621000.0,,,,4780000.0,,15879000.0,-72000.0,4852000.0,,11401000.0,
2024-12-31,3686,,,,21732000.0,-0.09,-6983000.0,,-187000.0,,,-6983000.0,,-6983000.0,,,,,,,6370000.0,-6557000.0,,,,-6950000.0,,21545000.0,33000.0,-6983000.0,,-393000.0,
2025-03-31,3686,,,,19029000.0,0.05,3787000.0,,-196000.0,,,3787000.0,,3787000.0,,,,,,,4931000.0,-5127000.0,,,,3787000.0,,18833000.0,0.0,3787000.0,,8914000.0,
2025-06-30,3686,,,,21032000.0,-0.22,-16427000.0,,-173000.0,,,-16427000.0,,-16427000.0,,,,,,,6343000.0,-6516000.0,,,,-16427000.0,,20859000.0,0.0,-16427000.0,,-9911000.0,
2023-09-30,3711,,,1112882000.0,129251183000.0,2.04,8775842000.0,,24915662000.0,,,9361508000.0,,9361508000.0,,,,,585666000.0,,13510320000.0,11405342000.0,8300892000.0,,,12251994000.0,,154166845000.0,2890486000.0,17662400000.0,,846652000.0,
2023-12-31,3711,,,-30924000.0,134819877000.0,2.19,9391973000.0,,25761324000.0,,,9906172000.0,,9906172000.0,,,,,514199000.0,,13946700000.0,11814624000.0,-8404315000.0,,,12367217000.0,,160581201000.0,2461045000.0,1501857000.0,,552593000.0,
2024-03-31,3711,,,848492000.0,111934809000.0,1.32,5681509000.0,,20868046000.0,,,5955331000.0,,5955331000.0,,,,,273822000.0,,13343095000.0,7524951000.0,9736581000.0,,,7859819000.0,,132802855000.0,1904488000.0,15691912000.0,,334868000.0,
2024-06-30,3711,,,543026000.0,117172132000.0,1.8,7783449000.0,,23065931000.0,,,8165136000.0,,8165136000.0,,,,,381687000.0,,14045279000.0,9020652000.0,3290392000.0,,,10117424000.0,,140238063000.0,1952288000.0,11455528000.0,,1096772000.0,
2024-09-30,3711,,,365220000.0,133731961000.0,2.23,9639048000.0,,26373145000.0,,,10159660000.0,,10159660000.0,,,,,520612000.0,,14956895000.0,11416250000.0,-3431763000.0,,,12199793000.0,,160105106000.0,2040133000.0,6727897000.0,,783543000.0,
2024-12-31,3711,,,500550000.0,135638939000.0,2.17,9378473000.0,,26624622000.0,,,9645515000.0,,9645515000.0,,,,,267042000.0,,15420090000.0,11204532000.0,4070027000.0,,,11506451000.0,,162263561000.0,1860936000.0,13715542000.0,,301919000.0,
2025-03-31,3711,,,540803000.0,123260526000.0,1.75,7553833000.0,,24892736000.0,,,7788305000.0,,7788305000.0,,,,,234472000.0,,15221435000.0,9671301000.0,2705910000.0,,,9809929000.0,,148153262000.0,2021624000.0,10494215000.0,,138628000.0,
2025-06-30,3711,,,-1653133000.0,125062803000.0,1.73,7521085000.0,,25687520000.0,,,7678678000.0,,7678678000.0,,,,,157593000.0,,15494438000.0,10193082000.0,-27942352000.0,,,9254482000.0,,150750323000.0,1575804000.0,-20263674000.0,,-938600000.0,
2023-09-30,4536,,,35730000.0,1334675000.0,4.19,380095000.0,,652525000.0,,,397769000.0,,397769000.0,,,,,17674000.0,,316331000.0,336194000.0,197687000.0,,,522363000.0,,1987200000.0,124594000.0,595456000.0,,186169000.0,
2023-12-31,4536,,,476000.0,1318804000.0,2.59,236061000.0,,700551000.0,,,251314000.0,,251314000.0,,,,,15253000.0,,321363000.0,379188000.0,-174677000.0,,,262160000.0,,2019355000.0,10846000.0,76637000.0,,-117028000.0,
2024-03-31,4536,,,36190000.0,1252784000.0,4.3,390912000.0,,647181000.0,,,410409000.0,,410409000.0,,,,,19497000.0,,325416000.0,321765000.0,184783000.0,,,528037000.0,,1899965000.0,117628000.0,595192000.0,,206272000.0,
2024-06-30,4536,,,29040000.0,1497991000.0,4.33,392441000.0,,823441000.0,,,416418000.0,,416418000.0,,,,,23977000.0,,349141000.0,474300000.0,57886000.0,,,616629000.0,,2321432000.0,200211000.0,474304000.0,,142329000.0,
2024-09-30,4536,,,674000.0,1717087000.0,3.52,319924000.0,,883017000.0,,,326461000.0,,326461000.0,,,,,6537000.0,,350020000.0,532997000.0,-52634000.0,,,490718000.0,,2600104000.0,164257000.0,273827000.0,,-42279000.0,
2024-12-31,4536,,,33985000.0,1702959000.0,6.71,609532000.0,,953655000.0,,,638449000.0,,638449000.0,,,,,28917000.0,,405799000.0,547856000.0,63727000.0,,,791685000.0,,2656614000.0,153236000.0,702176000.0,,243829000.0,
2025-03-31,4536,,,30845000.0,1557189000.0,5.11,463862000.0,,844488000.0,,,488822000.0,,488822000.0,,,,,24960000.0,,383719000.0,460769000.0,60459000.0,,,567572000.0,,2401677000.0,78750000.0,549281000.0,,106803000.0,
2025-06-30,4536,,,-12989000.0,1559651000.0,3.11,282455000.0,,954641000.0,,,320302000.0,,320302000.0,,,,,37847000.0,,371255000.0,583386000.0,-555754000.0,,,492830000.0,,2514292000.0,172528000.0,-235452000.0,,-90556000.0,
2023-09-30,4722,,,,751441000.0,0.79,79454000.0,,148230000.0,,,79454000.0,,79454000.0,,,,,,,76279000.0,71951000.0,15825000.0,,,101740000.0,,899671000.0,22286000.0,95279000.0,,29789000.0,
2023-12-31,4722,,,,805146000.0,0.46,45629000.0,,147706000.0,,,45629000.0,,45629000.0,,,,,,,102170000.0,45536000.0,-14754000.0,,,54796000.0,,952852000.0,9167000.0,30875000.0,,9260000.0,
2024-03-31,4722,,,,760826000.0,0.59,58780000.0,,147617000.0,,,58780000.0,,58780000.0,,,,,,,90282000.0,57335000.0,14258000.0,,,74365000.0,,908443000.0,15585000.0,73038000.0,,17030000.0,
2024-06-30,4722,,,,913089000.0,0.68,68021000.0,,193805000.0,,,68021000.0,,68021000.0,,,,,,,109503000.0,84302000.0,4748000.0,,,90885000.0,,1106894000.0,22864000.0,72769000.0,,6583000.0,
2024-09-30,4722,,,,875606000.0,0.55,55153000.0,,182758000.0,,,55153000.0,,55153000.0,,,,,,,109431000.0,73327000.0,-688000.0,,,71757000.0,,1058364000.0,16604000.0,54465000.0,,-1570000.0,
2024-12-31,4722,,,,812972000.0,0.43,42589000.0,,153070000.0,,,42589000.0,,42589000.0,,,,,,,107970000.0,45100000.0,-12353000.0,,,52914000.0,,966042000.0,10325000.0,30236000.0,,7814000.0,
2025-03-31,4722,,,,780149000.0,0.51,50770000.0,,136590000.0,,,50770000.0,,50770000.0,,,,,,,94555000.0,42035000.0,2816000.0,,,65991000.0,,916739000.0,15221000.0,53586000.0,,23956000.0,
2025-06-30,4722,,,,819329000.0,0.01,1690000.0,,154129000.0,,,1690000.0,,1690000.0,,,,,,,93760000.0,60369000.0,-55089000.0,,,6152000.0,,973458000.0,4462000.0,-53399000.0,,-54217000.0,
2023-09-30,4755,,,-710000.0,971307000.0,1.09,110057000.0,,242816000.0,,,109931000.0,,109931000.0,,,,,-126000.0,,119442000.0,123374000.0,13573000.0,,,148934000.0,,1214123000.0,39003000.0,123504000.0,,25560000.0,
2023-12-31,4755,,,704000.0,996594000.0,1.3,130534000.0,,319757000.0,,,130412000.0,,130412000.0,,,,,-122000.0,,111617000.0,208140000.0,-35154000.0,,,176609000.0,,1316351000.0,46197000.0,95258000.0,,-31531000.0,
2024-03-31,4755,,,-859000.0,874673000.0,1.1,111240000.0,,257440000.0,,,110381000.0,,110381000.0,,,,,-859000.0,,126908000.0,130532000.0,29552000.0,,,155444000.0,,1132113000.0,45063000.0,139933000.0,,24912000.0,
2024-06-30,4755,,,-615000.0,940203000.0,1.1,110596000.0,,262530000.0,,,109981000.0,,109981000.0,,,,,-615000.0,,123804000.0,138726000.0,10978000.0,,,153496000.0,,1202733000.0,43515000.0,120959000.0,,14770000.0,
2024-09-30,4755,,,-613000.0,977383000.0,0.94,94626000.0,,256082000.0,,,94013000.0,,94013000.0,,,,,-613000.0,,126988000.0,129094000.0,-10538000.0,,,126339000.0,,1233465000.0,32326000.0,83475000.0,,-2755000.0,
2024-12-31,4755,,,-1653000.0,1521096000.0,0.96,96112000.0,,235017000.0,,,95243000.0,,95243000.0,,,,,-869000.0,,125213000.0,109804000.0,9505000.0,,,132071000.0,,1756113000.0,36828000.0,104748000.0,,22267000.0,
2025-03-31,4755,,,-739000.0,903386000.0,1.1,110681000.0,,260161000.0,,,109942000.0,,109942000.0,,,,,-739000.0,,120232000.0,139929000.0,593379000.0,,,149942000.0,,1163547000.0,40000000.0,703321000.0,,10013000.0,
2025-06-30,4755,,,-1259000.0,973740000.0,0.34,34469000.0,,270888000.0,,,33210000.0,,33210000.0,,,,,-1259000.0,,125596000.0,145292000.0,-224990000.0,,,52677000.0,,1244628000.0,19467000.0,-191780000.0,,-92615000.0,
2023-09-30,5469,,,1295143000.0,8509518000.0,1.95,1031505000.0,,3257953000.0,,,1743686000.0,,1743686000.0,,,,,712181000.0,,954327000.0,2303626000.0,1935150000.0,,,2354418000.0,,11767471000.0,610732000.0,3678836000.0,,50792000.0,
2023-12-31,5469,,,-12017000.0,7512388000.0,0.47,246572000.0,,2572326000.0,,,671602000.0,,671602000.0,0.0,,,,425030000.0,,957037000.0,1615289000.0,-533277000.0,,,1458718000.0,,10084714000.0,787116000.0,138325000.0,,-156571000.0,
2024-03-31,5469,,,811913000.0,6903720000.0,0.99,525789000.0,,2342432000.0,,,866190000.0,,866190000.0,,,,,340401000.0,,918739000.0,1423693000.0,1093614000.0,,,1747212000.0,,9246152000.0,881022000.0,1959804000.0,,323519000.0,
2024-06-30,5469,,,719075000.0,7714296000.0,1.76,925535000.0,,2686434000.0,,,1433908000.0,,1433908000.0,,,,,508373000.0,,1040398000.0,1646036000.0,753614000.0,,,2089471000.0,,10400730000.0,655563000.0,2187522000.0,,443435000.0,
2024-09-30,5469,,,268424000.0,8775346000.0,1.56,783167000.0,,3032651000.0,,,1306495000.0,,1306495000.0,,,,,523328000.0,,973422000.0,2059229000.0,-973745000.0,,,1841236000.0,,11807997000.0,534741000.0,332750000.0,,-217993000.0,
2024-12-31,5469,,,316390000.0,8060512000.0,1.6,777732000.0,,2116641000.0,,,959257000.0,,959257000.0,,,,,181525000.0,,1119909000.0,996732000.0,-365623000.0,,,1731078000.0,,10177153000.0,771821000.0,593634000.0,,734346000.0,
2025-03-31,5469,,,599264000.0,8402277000.0,1.52,735937000.0,,2166655000.0,,,1154031000.0,,1154031000.0,,,,,418094000.0,,927659000.0,1238996000.0,509851000.0,,,1734014000.0,,10568932000.0,579983000.0,1663882000.0,,495018000.0,
2025-06-30,5469,,,-1931193000.0,12306454000.0,1.15,555361000.0,,3257021000.0,,,952825000.0,,952825000.0,,,,,397464000.0,,1276758000.0,1980263000.0,-6869259000.0,,,1578068000.0,,15563475000.0,625243000.0,-5916434000.0,,-402195000.0,
2023-09-30,6116,,,-1212000.0,3881837000.0,-0.38,-1079616000.0,,-617917000.0,,,-1080828000.0,,-1080828000.0,,,,,-1212000.0,,478525000.0,-1096418000.0,-402001000.0,,,-1086999000.0,,3263920000.0,-6171000.0,-1482829000.0,,9419000.0,-24000.0
2023-12-31,6116,,,-1609000.0,3967638000.0,-0.64,-1854123000.0,,-970220000.0,,,-1855732000.0,,-1855732000.0,,,,,-1609000.0,,694203000.0,-1665665000.0,129634000.0,,,-1890382000.0,,2997418000.0,-34650000.0,-1726098000.0,,-224717000.0,1242000.0
2024-03-31,6116,,,-1316000.0,3169643000.0,-0.46,-1311835000.0,,-633113000.0,,,-1313151000.0,,-1313151000.0,,,,,-1316000.0,,466915000.0,-1100474000.0,12814000.0,,,-1155445000.0,,2536530000.0,157706000.0,-1300337000.0,,-54971000.0,446000.0
2024-06-30,6116,,,-1819000.0,3409799000.0,-0.35,-1006707000.0,,-1233072000.0,,,-1008526000.0,,-1008526000.0,,,,,-1819000.0,,474399000.0,-1707025000.0,-294180000.0,,,-984967000.0,,2176727000.0,23559000.0,-1302706000.0,,722058000.0,
2024-09-30,6116,,,-1292000.0,3241296000.0,-0.51,-1468253000.0,,-854215000.0,,,-1469545000.0,,-1469545000.0,,,,,-1292000.0,,455834000.0,-1310049000.0,-259404000.0,,,-1459876000.0,,2387081000.0,9669000.0,-1728949000.0,,-149827000.0,
2024-12-31,6116,,,-1493000.0,3742222000.0,-0.54,-1532639000.0,,-878076000.0,,,-1534132000.0,,-1534132000.0,,,,,-1493000.0,,562904000.0,-1440980000.0,-1648892000.0,,,-1499746000.0,,2864146000.0,34386000.0,-3183024000.0,,-58766000.0,
2025-03-31,6116,,,0.0,3213208000.0,-0.26,-730057000.0,,-313475000.0,,,-730057000.0,,-730057000.0,,,,,0.0,,366217000.0,-679692000.0,-76438000.0,,,-723911000.0,,2899733000.0,6146000.0,-806495000.0,,-44219000.0,
2025-06-30,6116,,,0.0,3452758000.0,-0.31,-904774000.0,,-451202000.0,,,-904774000.0,,-904774000.0,,,,,0.0,,302925000.0,-754127000.0,-710672000.0,,,-891885000.0,,3001556000.0,12889000.0,-1615446000.0,,-137758000.0,
2023-09-30,6515,,,,641003000.0,3.7,126727000.0,,343225000.0,,,126727000.0,,126727000.0,,,,,,,210618000.0,132607000.0,8636000.0,,,161862000.0,,984228000.0,35135000.0,135363000.0,,29255000.0,
2023-12-31,6515,,,,385485000.0,1.68,58120000.0,,287524000.0,,,58120000.0,,58120000.0,,,,,,,212906000.0,74618000.0,-6119000.0,,,50690000.0,,673009000.0,-7430000.0,52001000.0,,-23928000.0,
2024-03-31,6515,,,,607885000.0,5.81,199728000.0,,465193000.0,,,199728000.0,,199728000.0,,,,,,,242961000.0,222232000.0,5621000.0,,,249146000.0,,1073078000.0,49418000.0,205349000.0,,26914000.0,
2024-06-30,6515,,,,716214000.0,6.52,224122000.0,,539452000.0,,,224122000.0,,224122000.0,,,,,,,276577000.0,262875000.0,2742000.0,,,272127000.0,,1255666000.0,48005000.0,226864000.0,,9252000.0,
2024-09-30,6515,,,,1136378000.0,11.75,404169000.0,,793937000.0,,,404169000.0,,404169000.0,,,,,,,306919000.0,487018000.0,4355000.0,,,490320000.0,,1930315000.0,86151000.0,408524000.0,,3302000.0,
2024-12-31,6515,,,,804084000.0,10.23,357818000.0,,734953000.0,,,357818000.0,,357818000.0,,,,,,,338935000.0,396018000.0,-2054000.0,,,422989000.0,,1539037000.0,65171000.0,355764000.0,,26971000.0,
2025-03-31,6515,,,,1176857000.0,17.21,612808000.0,,1120450000.0,,,612808000.0,,612808000.0,,,,,,,392880000.0,727570000.0,6908000.0,,,765529000.0,,2297307000.0,152721000.0,619716000.0,,37959000.0,
2025-06-30,6515,,,,776748000.0,5.76,204958000.0,,745541000.0,,,204958000.0,,204958000.0,,,,,,,285537000.0,460004000.0,-38805000.0,,,264951000.0,,1522289000.0,59993000.0,166153000.0,,-195053000.0,
2023-09-30,6719,,,,533528000.0,0.49,39518000.0,,188370000.0,,,39518000.0,,39518000.0,,,,,,,214401000.0,-26031000.0,2160000.0,,,56995000.0,,721898000.0,17477000.0,41678000.0,,83026000.0,
2023-12-31,6719,,,,531479000.0,0.11,8911000.0,,274344000.0,,,8911000.0,,8911000.0,,,,,,,208387000.0,65957000.0,-7871000.0,,,6179000.0,,805823000.0,-2732000.0,1040000.0,,-59778000.0,
2024-03-31,6719,,,,566404000.0,1.41,115764000.0,,279866000.0,,,115764000.0,,115764000.0,,,,,,,233165000.0,46701000.0,-19036000.0,,,148329000.0,,846270000.0,32565000.0,96728000.0,,101628000.0,
2024-06-30,6719,,,,642093000.0,1.06,97071000.0,,279657000.0,,,97071000.0,,97071000.0,,,,,,,232436000.0,47221000.0,-12900000.0,,,109966000.0,,921750000.0,12895000.0,84171000.0,,62745000.0,
2024-09-30,6719,,,,750533000.0,0.06,20451000.0,,244028000.0,,,20451000.0,,20451000.0,,,,,,,214138000.0,29890000.0,-8589000.0,,,25927000.0,,994561000.0,5476000.0,11862000.0,,-3963000.0,
2024-12-31,6719,,,,619515000.0,-0.11,-3293000.0,,315867000.0,,,-3293000.0,,-3293000.0,,,,,,,305255000.0,10612000.0,-14678000.0,,,-7357000.0,,935382000.0,-4064000.0,-17971000.0,,-17969000.0,
2025-03-31,6719,,,,644666000.0,1.48,155997000.0,,334378000.0,,,155997000.0,,155997000.0,,,,,,,219959000.0,114419000.0,-6843000.0,,,189344000.0,,979044000.0,33347000.0,149154000.0,,74925000.0,
2025-06-30,6719,,,,793487000.0,0.41,42809000.0,,433698000.0,,,42809000.0,,42809000.0,,,,,,,234440000.0,199258000.0,-31186000.0,,,51889000.0,,1227185000.0,9080000.0,11623000.0,,-147369000.0,
2023-09-30,6768,0.0,,-645000.0,2465986000.0,0.42,81977000.0,,485074000.0,,,81278000.0,,81278000.0,0.0,,,,-699000.0,0.0,468470000.0,16604000.0,286630000.0,,,128722000.0,0.0,2951060000.0,47444000.0,367908000.0,,112118000.0,0.0
2023-12-31,6768,0.0,,-1059000.0,3270760000.0,0.85,167345000.0,,756493000.0,,,166274000.0,,166274000.0,0.0,,,,-1071000.0,0.0,536886000.0,219607000.0,-593303000.0,,,257019000.0,0.0,4027253000.0,90745000.0,-427029000.0,,37412000.0,0.0
2024-03-31,6768,0.0,,-591000.0,3203225000.0,1.73,339567000.0,,808701000.0,,,338976000.0,,338976000.0,0.0,,,,-591000.0,0.0,505657000.0,303044000.0,389458000.0,,,439184000.0,0.0,4011926000.0,100208000.0,728434000.0,,136140000.0,0.0
2024-06-30,6768,0.0,,-584000.0,3896539000.0,2.29,448656000.0,,1039189000.0,,,448070000.0,,448070000.0,,,,,-586000.0,,575427000.0,463762000.0,-1255000.0,,,572050000.0,,4935728000.0,123980000.0,446815000.0,,108288000.0,
2024-09-30,6768,0.0,,-473000.0,3342067000.0,1.76,344392000.0,,949442000.0,,,343930000.0,,343930000.0,0.0,,,,-462000.0,0.0,555369000.0,394073000.0,-43540000.0,,,438345000.0,0.0,4291509000.0,94415000.0,300390000.0,,44272000.0,0.0
2024-12-31,6768,,,-397000.0,4184923000.0,2.37,465498000.0,,1019772000.0,,,465051000.0,,465051000.0,,,,,-447000.0,,573252000.0,446520000.0,230881000.0,,,575813000.0,,5204695000.0,110762000.0,695932000.0,,129293000.0,
2025-03-31,6768,,,0.0,4791493000.0,2.71,536366000.0,,1216293000.0,,,536366000.0,,536366000.0,,,,,0.0,,603725000.0,612568000.0,141314000.0,,,715717000.0,,6007786000.0,179351000.0,677680000.0,,103149000.0,
2025-06-30,6768,,,0.0,4105031000.0,1.75,351229000.0,,1168237000.0,,,351229000.0,,351229000.0,,,,,0.0,,594138000.0,574099000.0,-1765180000.0,,,503518000.0,,5273268000.0,152289000.0,-1413951000.0,,-70581000.0,
2023-09-30,6770,,,,9446251000.0,-0.08,-333450000.0,,956198000.0,,,-333450000.0,,-333450000.0,,,,,,156684000.0,2520820000.0,-1407938000.0,223000.0,,,-414508000.0,,10402449000.0,-81058000.0,-333227000.0,,993430000.0,
2023-12-31,6770,,,,10820031000.0,-0.52,-2113844000.0,,341435000.0,,,-2113844000.0,,-2113844000.0,,,,,,152969000.0,2510994000.0,-2016590000.0,85140000.0,,,-2447740000.0,,11161466000.0,-333896000.0,-2028704000.0,,-431150000.0,
2024-03-31,6770,,,,9154181000.0,-0.11,-439236000.0,,1665865000.0,,,-439236000.0,,-439236000.0,,,,,,86766000.0,2824617000.0,-1071986000.0,-535000.0,,,-437919000.0,,10820046000.0,1317000.0,-439771000.0,,634067000.0,
2024-06-30,6770,,,,10536835000.0,-0.47,-1957896000.0,,586389000.0,,,-1957896000.0,,-1957896000.0,,,,,,4780000.0,2818723000.0,-2227554000.0,-1346000.0,,,-1956979000.0,,11123224000.0,917000.0,-1959242000.0,,270575000.0,
2024-09-30,6770,,,,12139835000.0,-0.69,-2878761000.0,,-489061000.0,,,-2878761000.0,,-2878761000.0,,,,,,-21529000.0,2183525000.0,-2694115000.0,2258000.0,,,-2878159000.0,,11650774000.0,602000.0,-2876503000.0,,-184044000.0,
2024-12-31,6770,,,,12369434000.0,-0.37,-1501406000.0,,-1237768000.0,,,-1501406000.0,,-1501406000.0,,,,,,1259742000.0,1993784000.0,-1971810000.0,200285000.0,,,-1558692000.0,,11131666000.0,-57286000.0,-1301121000.0,,413118000.0,
2025-03-31,6770,,,,11652534000.0,-0.26,-1097047000.0,,-536058000.0,,,-1097047000.0,,-1097047000.0,,,,,,1770364000.0,2092437000.0,-858131000.0,1015000.0,,,-932321000.0,,11116476000.0,164726000.0,-1096032000.0,,-74190000.0,
2025-06-30,6770,,,,12299949000.0,-0.8,-3333591000.0,,-1021981000.0,,,-3333591000.0,,-3333591000.0,,,,,,1279739000.0,1954193000.0,-1696435000.0,-1221000.0,,,-3225624000.0,,11277968000.0,107967000.0,-3334812000.0,,-1529189000.0,
2023-09-30,8046,,,,8706219000.0,1.67,1075637000.0,,1521165000.0,,,1075637000.0,,1075637000.0,,,,,,,490493000.0,1030672000.0,777600000.0,,,1442888000.0,,10227384000.0,367251000.0,1853237000.0,,412216000.0,
2023-12-31,8046,,,,8294749000.0,1.3,843171000.0,,1016145000.0,,,843171000.0,,843171000.0,,,,,,,326112000.0,690033000.0,-331010000.0,,,542502000.0,,9310894000.0,-300669000.0,512161000.0,,-147531000.0,
2024-03-31,8046,,,,7481039000.0,-0.24,-152420000.0,,-380467000.0,,,-152420000.0,,-152420000.0,,,,,,,413540000.0,-794007000.0,705480000.0,,,-241411000.0,,7100572000.0,-88991000.0,553060000.0,,552596000.0,
2024-06-30,8046,,,,7937110000.0,0.19,118597000.0,,183496000.0,,,118597000.0,,118597000.0,,,,,,,390467000.0,-206971000.0,158215000.0,,,179621000.0,,8120606000.0,61024000.0,276812000.0,,386592000.0,
2024-09-30,8046,,,,8654135000.0,0.09,58891000.0,,537736000.0,,,58891000.0,,58891000.0,,,,,,,412777000.0,124959000.0,-178418000.0,,,67325000.0,,9191871000.0,8434000.0,-119527000.0,,-57634000.0,
2024-12-31,8046,,,,7853349000.0,0.28,178659000.0,,16933000.0,,,178659000.0,,178659000.0,,,,,,,407570000.0,-390637000.0,207353000.0,,,157531000.0,,7870282000.0,-21128000.0,386012000.0,,548168000.0,
2025-03-31,8046,,,,8027749000.0,0.32,207473000.0,,430283000.0,,,207473000.0,,207473000.0,,,,,,,397192000.0,33091000.0,250966000.0,,,256141000.0,,8458032000.0,48668000.0,458439000.0,,223050000.0,
2025-06-30,8046,,,,8814108000.0,-0.29,-187429000.0,,768811000.0,,,-187429000.0,,-187429000.0,,,,,,,402732000.0,366079000.0,-1765497000.0,,,-226580000.0,,9582919000.0,-39151000.0,-1952926000.0,,-592659000.0,
2023-09-30,8105,,,,1984308000.0,0.29,127338000.0,,176616000.0,,,127338000.0,,127338000.0,,,,,,,177695000.0,-1079000.0,23716000.0,,,132432000.0,,2160924000.0,5094000.0,151054000.0,,133511000.0,
2023-12-31,8105,,,,1949237000.0,-0.03,-10850000.0,,230862000.0,,,-10850000.0,,-10850000.0,,,,,,,181043000.0,49819000.0,-22098000.0,,,-5097000.0,,2180099000.0,5753000.0,-32948000.0,,-54916000.0,
2024-03-31,8105,,,,1883186000.0,0.15,66098000.0,,112479000.0,,,66098000.0,,66098000.0,,,,,,,176933000.0,-64454000.0,22942000.0,,,73252000.0,,1995665000.0,7154000.0,89040000.0,,137706000.0,
2024-06-30,8105,,,,1875533000.0,-0.15,-64502000.0,,30007000.0,,,-64502000.0,,-64502000.0,,,,,,,174842000.0,-144835000.0,5720000.0,,,-50117000.0,,1905540000.0,14385000.0,-58782000.0,,94718000.0,
2024-09-30,8105,,,,2289890000.0,0.03,10937000.0,,171453000.0,,,10937000.0,,10937000.0,,,,,,,164593000.0,6860000.0,-4858000.0,,,17918000.0,,2461343000.0,6981000.0,6079000.0,,11058000.0,
2024-12-31,8105,,,,2270789000.0,0.12,54584000.0,,133789000.0,,,54584000.0,,54584000.0,,,,,,,201314000.0,-67525000.0,15495000.0,,,57884000.0,,2404578000.0,3300000.0,70079000.0,,125409000.0,
2025-03-31,8105,,,,1905017000.0,0.1,45760000.0,,142461000.0,,,45760000.0,,45760000.0,,,,,,,163115000.0,-20654000.0,9942000.0,,,52299000.0,,2047478000.0,6539000.0,55702000.0,,72953000.0,
2025-06-30,8105,,,,2103541000.0,-0.67,-295669000.0,,127606000.0,,,-295669000.0,,-295669000.0,,,,,,,176072000.0,-48466000.0,-83087000.0,,,-280171000.0,,2231147000.0,15498000.0,-378756000.0,,-231705000.0,
2023-09-30,9955,,,,255619000.0,-0.2,-20130000.0,,6606000.0,,,-20130000.0,,-20130000.0,,,,,,,29160000.0,-22554000.0,3201000.0,,,-20130000.0,,262225000.0,0.0,-16929000.0,,2424000.0,
2023-12-31,9955,,,0.0,267986000.0,-0.26,-27532000.0,,7375000.0,,,-27532000.0,,-27532000.0,,,,,0.0,,28192000.0,-20817000.0,-2142000.0,,,-27532000.0,,275361000.0,0.0,-29674000.0,,-6715000.0,
2024-03-31,9955,,,0.0,275090000.0,-0.31,-31566000.0,,-2202000.0,,,-31566000.0,,-31566000.0,,,,,0.0,,31439000.0,-33641000.0,1973000.0,,,-31566000.0,,272888000.0,0.0,-29593000.0,,2075000.0,
2024-06-30,9955,,,0.0,348543000.0,-0.23,-24548000.0,,3678000.0,,,-24548000.0,,-24548000.0,,,,,0.0,,29494000.0,-25816000.0,852000.0,,,-24548000.0,,352221000.0,0.0,-23696000.0,,1268000.0,
2024-09-30,9955,,,,267518000.0,-0.22,-22006000.0,,21382000.0,,,-22006000.0,,-22006000.0,,,,,,,34151000.0,-12769000.0,1628000.0,,,-22006000.0,,288900000.0,0.0,-20378000.0,,-9237000.0,
2024-12-31,9955,,,0.0,302727000.0,-0.82,-85105000.0,,-21271000.0,,,-85105000.0,,-85105000.0,,,,,0.0,,41173000.0,-62444000.0,-853000.0,,,-85105000.0,,281456000.0,0.0,-85958000.0,,-22661000.0,
2025-03-31,9955,,,0.0,244856000.0,-0.12,-12469000.0,,28821000.0,,,-12469000.0,,-12469000.0,,,,,0.0,,37359000.0,-8538000.0,1565000.0,,,-12469000.0,,273677000.0,0.0,-10904000.0,,-3931000.0,
2025-06-30,9955,,,0.0,393880000.0,-0.29,-29726000.0,,27395000.0,,,-29726000.0,,-29726000.0,,,,,0.0,,34759000.0,-7364000.0,-7944000.0,,,-29722000.0,,421275000.0,4000.0,-37670000.0,,-22358000.0,
